3710 5604
870 434 933 494 377

286 613 382 673 nibus
418 613 573 691 Θαθμοσις
608 615 642 674 et
678 613 821 692 Θαύμων,
855 615 1011 677 similiter
1046 629 1096 690 ap.
1128 614 1360 676 Archilochum
1393 613 1446 690 74,
1480 615 1509 674 2.
1542 617 1561 675 6

285 713 458 790 θαυμάσιον
482 718 516 777 et
538 712 733 792 θαυμαζέτω,
755 732 805 792 ap.
831 717 1064 792 Hippocratem
1089 718 1280 776 constanter
1298 713 1476 794 θαυμάζειν,
1497 715 1563 775 nisi

285 816 370 890 quod
401 819 504 878 semel
528 817 572 878 IV
596 820 671 894 496,
697 821 717 877 6
740 818 838 879 Kubl.
870 819 1064 896 θωμάζουσιν
1095 821 1148 880 est
1171 818 1204 878 in
1228 819 1298 879 cod.
1326 819 1359 878 Θ.
1384 851 1425 862 -
1449 821 1563 893 θῶμα

288 917 389 978 etiam
431 919 577 981 doricum
620 921 722 982 luisse
756 935 775 981 e
809 921 1000 983 nominibus
1037 919 1152 998 Θώμων
1187 923 1221 982 et
1256 919 1419 998 Θωμάντας
1454 919 1562 980 effecit

286 1019 465 1082 Hoffmann
488 1021 509 1083 l.
534 1021 555 1082 1.

241 1116 390 1204 θῶμιχξ·
420 1121 526 1184 λεπτὸν
556 1123 696 1201 σχοινίον.
728 1124 816 1186 Sulci.
847 1124 922 1186 Her.
948 1125 963 1184 I
990 1125 1063 1186 199.
1096 1124 1218 1186 Archil.
1246 1126 1297 1186 26.
1329 1123 1447 1185 Aescb.
1473 1122 1561 1182 Pers.

286 1224 361 1284 463.
397 1223 491 1286 Eum.
526 1227 598 1287 172.
630 1225 724 1301 arag.
756 1226 865 1301 adesp.
899 1227 963 1287 215
988 1219 1100 1286 Nclr.²:
1125 1224 1265 1306 θώμιγγα
1288 1231 1404 1303 νεαρῶν
1427 1222 1562 1301 ἱππικήν.

286 1325 371 1385 Hinc
393 1324 594 1402 θαμίζειν·
618 1325 774 1404 μαστίζειν.
799 1327 894 1388 Pbot.
916 1361 955 1372 —
977 1327 1095 1388 Anacr.
1121 1329 1163 1388 66
1187 1323 1410 1405 θωμιχθεὶς
1438 1323 1563 1404 μάστιγι.

241 1419 368 1500 θῶξαι·
399 1427 537 1502 μεθύσαι.
562 1428 601 1490 Η.
627 1429 717 1490 Idem
752 1427 907 1508 θωχθεί
913 1445 937 1500 ς·
971 1427 1157 1508 θωμηχθελς,
1191 1426 1365 1504 μεθυσθείς·
1400 1429 1563 1503 Σοφοκλῆς

286 1531 484 1611 Διονυσιατιῷ.
510 1563 548 1574 -
571 1527 826 1610 τεθωγμέναι·
851 1527 1079 1607 μεμεθυσμένα.
1104 1527 1149 1590 Cf.
1175 1545 1275 1605 supra
1296 1520 1429 1608 θθιμεν.

241 1625 462 1710 θωραχθείς,
493 1631 642 1694 ebrius.
675 1632 766 1692 Pind.
795 1632 834 1692 ir.
867 1633 919 1692 22.
955 1633 1020 1690 ΕΜ
1044 1632 1123 1707 460,
1150 1633 1202 1692 66.
1227 1645 1253 1691 s.
1274 1645 1305 1692 v.
1330 1629 1451 1708 θώραξι
1475 1626 1508 1688 τὸ
1532 1624 1564 1687 64

285 1728 489 1808 ἐμπίπλασθαι
512 1732 597 1794 οἴνου
620 1732 905 1812 θωμάσσεσθαι
929 1735 981 1794 (=
994 1731 1228 1810 θωρακίζεσθαι)
1251 1727 1370 1812 λέγεται.
1396 1731 1441 1792 Gi.
1466 1727 1563 1789 ἀθώ-

285 1853 426 1910 ρηκτος
460 1833 612 1910 Hippocr.
648 1835 663 1894 I
697 1851 727 1910 p.
764 1837 827 1896 263
850 1859 891 1882 =
912 1831 953 1911 μὴ
988 1833 1123 1912 μεθύων,
1159 1834 1337 1909 interprete
1373 1832 1495 1893 Galeno
1530 1832 1563 1892 in

284 1933 390 1995 lexico
414 1933 510 2011 Hipp.

242 2031 445 2098 θώσασθαι·
488 2034 690 2115 εὐωχηθῆναι.
731 2041 900 2096 θῶσθαι·
944 2035 1124 2114 δαίνυσθαι,
1162 2039 1344 2112 θοινᾶσθαι,
1377 2032 1563 2112 εὐωχεῖσθαι.

286 2136 433 2215 Αἰσχύλος
465 2137 688 2210 Διατυούλιιοις.
717 2135 928 2216 θωστήρια·
959 2135 1144 2216 εὐωχητήμια
1175 2135 1225 2198 καλ
1255 2133 1374 2216 ὄνομα.
1396 2182 1402 2195 .
1423 2136 1487 2198 .Η.
1512 2137 1563 2196 An

286 2235 381 2316 ὄνομα
412 2237 539 2318 ἕορτῆςλ
570 2240 740 2302 Alcmanis
770 2241 924 2302 Parthen.
956 2241 995 2302 fr.
1024 2255 1097 2316 pag.
1122 2240 1183 2316 III,
1212 2241 1251 2300 13
1274 2237 1429 2316 θωστήρια
1452 2231 1480 2297 τ’
1507 2232 1560 2314 ἅμ’

286 2337 412 2418 ἐπαινεῖ,
424 2357 488 2403 sec.
502 2343 679 2405 Blassium.
695 2377 735 2388 -
755 2348 889 2403 θῶται·
911 2377 949 2386 -
970 2347 1120 2402 aaronica.
1141 2342 1181 2403 Η.
1195 2341 1350 2403 Doricum
1362 2340 1563 2402 estvcrbum

287 2442 429 2503 testibus
460 2446 527 2502 EM
550 2446 626 2520 461,
650 2447 678 2522 1,
704 2445 821 2506 Orione
847 2446 898 2522 73,
924 2448 961 2506 5:
985 2448 1145 2505 θῶσθαι
1169 2440 1307 2523 λέγουσιν
1331 2441 1363 2504 οἰ
1384 2445 1509 2521 Δωριεῖς
1531 2439 1564 2501 τὸ

288 2539 466 2620 εὐωχεῖσθαι
489 2541 548 2604 ἀπὸ
571 2553 625 2605 τοῦ
647 2550 703 2605 θῶ
726 2543 765 2605 τὸ
789 2547 824 2610 (λ)
848 2543 1024 2624 εὐωχοῦμαι.

243 2635 497 2725 [θωσοόμεσθοτ
523 2649 576 2707 lex
607 2645 973 2724 θαω-θεθεατόμεθα.
998 2646 1184 2722 Epicharmi
1215 2647 1253 2708 fr.
1289 2649 1361 2708 167.
1393 2646 1472 2706 Ahr.
1504 2645 1564 2721 Qui

286 2747 400 2806 tamen
423 2747 625 2823 θατούμεσθα
647 2747 820 2824 scripsisse
844 2747 983 2809 videtur.
1008 2739 1079 2809 vio.
1104 2746 1219 2819 uiui.

242 2841 392 2927 θώτεμον
417 2847 722 2928 θοτίοοεθάτερον
745 2851 818 2926 att,
843 2845 983 2928 τοῦτερον
1006 2849 1070 2910 ion.
1095 2848 1229 2910 Theocr.
1255 2849 1302 2908 XI
1327 2849 1380 2925 30,
1405 2848 1447 2909 al.

241 2940 471 3012 θωθσοεσθαι
489 2965 547 3025 pro
567 2951 726 3010 θωΰσσων.
746 2951 847 3012 Inscr.
865 2955 961 3012 metr.
976 2951 1138 3025 Smyrnae
1150 2949 1223 3026 IGI,
1245 2950 1326 3010 1119
1341 2942 1566 3024 [θ]ωΰ[ξα]σθ’,

287 3052 450 3126 vocate,
475 3051 645 3126 plorate
669 3053 892 3114 (defunctum).

812 3609 853 3730 Ι.
883 3660 994 3727 Ἰιῑιτοτ

244 3863 261 3920 l
290 3877 347 3938 pro
379 3863 427 3921 ΕΙ
454 3863 568 3923 Boeoti
598 3864 785 3925 scribebant
816 3879 880 3939 qua
910 3867 1019 3926 aetate
1053 3867 1100 3923 ΕΙ
1126 3862 1293 3940 ponebant
1321 3879 1378 3939 pro
1410 3866 1455 3940 Η,
1486 3863 1506 3925 i.
1537 3879 1563 3924 e.

286 3966 362 4038 post
384 3979 414 4025 a.
439 3965 504 4024 400
524 3979 552 4025 a.
577 3963 610 4025 Ο.
636 3965 697 4025 Sed
721 3965 788 4026 iam
812 3966 977 4046 interdum
1001 3967 1078 4026 ante
1099 3965 1160 4026 boc
1179 3967 1311 4039 tempus
1331 3965 1346 4024 Ι
1366 3966 1483 4028 (rarius
1504 3961 1565 4031 El)

286 4065 371 4140 apud
406 4065 540 4126 eosdem
575 4069 652 4126 ante
684 4066 833 4127 vocalem
864 4067 997 4142 ponitur
1026 4083 1084 4144 pro
1117 4067 1158 4142 Ε,
1188 4069 1303 4139 estque
1335 4081 1374 4126 ea
1404 4067 1567 4140 scriptura

286 4166 470 4240 insequenti
500 4169 648 4243 tempore
679 4167 745 4228 iere
776 4167 947 4244 sollennia,
980 4170 1170 4229 constanter
1200 4169 1312 4228 autem
1343 4167 1504 4242 reperitur
1532 4167 1564 4226 in

287 4266 402 4341 Hyetti
425 4267 548 4341 titulis;
573 4267 636 4328 soli
662 4284 737 4330 vero
761 4268 908 4330 Thebani
933 4271 961 4327 Ε
985 4269 1131 4330 crebrius
1154 4271 1298 4329 servant.
1325 4267 1370 4329 Of.
1397 4268 1529 4328 Meister
1551 4268 1566 4327 I

286 4384 316 4444 p.
343 4369 407 4431 246
431 4384 500 4444 sqq.

243 4471 262 4527 Ι
289 4472 322 4530 et
353 4471 401 4528 El
426 4471 499 4532 sine
527 4471 594 4532 ullo
619 4472 808 4533 discrimine
832 4471 1030 4533 adhibentur
1053 4473 1086 4534 in
1110 4472 1243 4549 papyris
1267 4487 1349 4548 aeg,
1373 4474 1410 4532 ut
1432 4471 1567 4532 omnino

286 4571 319 4632 in
349 4572 457 4634 titulis
486 4573 680 4650 acrioribus,
712 4574 745 4632 in
775 4574 828 4633 his
859 4575 972 4634 tamen
1003 4575 1050 4634 ita
1083 4577 1118 4634 ut
1146 4576 1294 4648 tempore
1314 4573 1497 4647 antiquiore
1522 4575 1570 4632 ΕΙ

285 4677 511 4750 repraesentet
539 4675 607 4735 iota
637 4675 787 4751 longum,
819 4676 999 4750 posteriore
1030 4691 1108 4736 vero
1139 4676 1240 4736 ctiam
1273 4674 1381 4736 breve.
1405 4673 1451 4734 De
1475 4675 1565 4750 Lagi·

285 4775 401 4835 darum
425 4777 535 4836 aetate
557 4776 622 4837 vid.
647 4775 681 4836 Ε.
707 4777 845 4852 Mayeer,
872 4777 925 4838 Gr.
950 4777 980 4838 d.
1005 4777 1058 4838 Gr.
1083 4793 1156 4853 pap.
1181 4794 1211 4852 p.
1239 4776 1379 4836 17-27.

243 4879 260 4935 Ι
288 4877 424 4937 dativi
449 4878 718 4953 terminatio,
744 4881 913 4938 contracta
936 4895 978 4939 ex
1001 4883 1026 4936 tl
1047 4877 1107 4954 (a),
1130 4879 1320 4954 producitur
1344 4877 1429 4952 apud
1452 4879 1564 4953 Iones,

287 4977 418 5056 Aeolus,
450 4979 561 5042 Dores.
594 5013 637 5021 -
668 4980 730 5041 Pro
758 4967 803 5040 ι’θῖ
831 4981 864 5040 in
895 4981 1047 5060 Ἀρτάμι
1081 4981 1158 5056 Arg.
1191 4980 1244 5042 GD
1277 4981 1379 5056 6286,
1405 4979 1508 5041 aava
1532 4979 1564 5043 in
