3582 5622
965 418 1030 478 838

339 585 518 670 τυχόντως.
544 627 583 638 -
609 589 649 658 od
672 593 855 678 τυχόντως,
880 615 960 660 non
984 599 1269 661 mediocriter.
1294 597 1378 660 rull
1400 596 1452 670 12,
1481 596 1531 656 15
1558 595 1602 656 (c.
1628 592 1684 652 103

383 705 412 752 a.
437 690 482 754 O.)
506 691 543 754 οὐ
566 695 714 776 τυχόντως
736 701 856 758 πλεῖστα
880 701 1105 780 κακολογηθείς.

341 787 497 876 [copiane
519 793 620 870 (τέλος)
645 801 692 858 ΡΒ
715 801 790 876 471,
819 801 978 866 missen.
1003 803 1033 864 Il
1057 819 1087 878 p.
1113 800 1166 864 0.).
1188 800 1377 862 Lectiouem
1401 799 1548 860 trustra
1574 799 1687 858 tuetur

384 893 533 958 Wilcken
569 898 604 960 0.
630 900 665 962 G.
701 901 717 962 Ι
750 917 780 978 p.
817 904 892 980 401,
922 903 1000 966 licet
1031 904 1108 978 quid
1138 903 1183 964 slt
1212 903 1354 978 ignoret,
1387 903 1421 962 et
1447 899 1687 976 probabiliter

386 995 571 1058 coniectum
596 1001 642 1062 sit
664 1011 852 1080 γοψικος,
874 1021 905 1079 q.
930 1007 973 1076 r.]

341 1083 398 1161 T—tt
420 1117 478 1177 pro
498 1087 595 1166 ᾗῇ
613 1109 803 1184 imperativi
827 1109 874 1170 III
904 1127 989 1187 pers.
1014 1111 1096 1188 plur.
1121 1110 1313 1171 terminatio
1333 1108 1459 1184 passim
1490 1107 1635 1182 legitur
1658 1104 1688 1161 in

385 1208 493 1270 treuna
516 1211 636 1274 corros
660 1217 694 1276 οτ
713 1217 929 1278 nemidonae.
953 1217 1024 1279 vu.
1048 1199 1144 1278 ῖοῖν.

343 1311 406 1390 τῶ,
431 1325 542 1388 ergo,
567 1329 632 1374 non
656 1325 695 1398 up
719 1331 791 1392 pap.
816 1318 970 1393 Bacchyl.
996 1318 1071 1380 XVI
1095 1321 1148 1396 39,
1173 1323 1210 1380 ut
1233 1318 1319 1394 apud
1344 1317 1556 1378 Homerum.
1591 1313 1688 1374 Blass

386 1409 498 1473 laudat
529 1413 702 1476 Lentzium
733 1418 774 1478 ad
804 1418 1028 1480 Herodianum
1054 1421 1069 1480 Ι
1093 1421 1168 1496 492,
1196 1421 1245 1480 19.
1274 1419 1419 1479 Eandem
1443 1418 1614 1478 sormam
1639 1415 1687 1473 bis

387 1511 528 1574 Pindaro
550 1515 692 1578 reddidit
715 1519 751 1580 0.
776 1519 955 1582 schroeder
979 1524 1007 1580 P.
1032 1521 1059 1580 V
1084 1523 1137 1598 23,
1162 1521 1177 1581 Ι
1201 1521 1277 1582 VIII
1301 1523 1353 1582 65.

343 1606 529 1695 τῶβυσσον.
560 1617 615 1680 Ar.
650 1620 726 1694 Lyn.
767 1623 828 1682 174
859 1619 1024 1702 τώργύριον
1057 1623 1213 1702 τῶβυσσον
1237 1645 1279 1672 =
1303 1619 1463 1702 τάργύριον
1499 1617 1686 1700 τόβυσσον.

387 1715 473 1776 crasi
496 1717 620 1796 dorica,
652 1735 735 1795 quae
765 1723 881 1784 eadem
906 1727 957 1785 est
979 1725 1086 1786 ionica
1109 1725 1143 1785 in
1167 1722 1319 1804 τῶγαλμα,
1341 1718 1491 1800 τώληθές,
1522 1723 1614 1783 sim.
1641 1719 1684 1780 Oi.

388 1815 481 1878 Koen
504 1819 545 1879 ad
569 1820 702 1896 Gregor.
730 1822 800 1886 Gor.
825 1828 843 1898 ἓ
868 1826 920 1887 29.

343 1912 528 1993 τωθάζειν.
553 1921 644 1982 Adde
668 1923 810 1986 Herond.
835 1926 895 1986 VII
921 1927 983 1988 103
1007 1925 1061 2004 τήν
1084 1931 1213 2006 γυναῖκα
1236 1927 1362 1998 rodata
1382 1920 1388 2008 Ι
1407 1930 1534 1987 κακοῖσι
1563 1925 1685 1990 devocio

388 2021 482 2080 (corr.
506 2019 615 2094 δεινοῖς
639 2039 683 2085 m.
710 2027 749 2090 2).

345 2119 471 2204 witi-tc?
495 2124 545 2182 Pll
568 2123 583 2184 l
610 2127 669 2186 131
696 2131 774 2190 rect.
800 2127 885 2206 (idle
911 2147 941 2206 p.
966 2129 1024 2208 (1.),
1053 2133 1125 2194 162.
1154 2133 1215 2192 197
1241 2128 1350 2207 μισθὸς
1374 2127 1499 2209 ἔργοντοῦ
1530 2125 1628 2198 ὄντος
1651 2121 1682 2182 ἕν

390 2233 425 2307 τῇ
455 2222 571 2301 τῶμει
601 2227 669 2294 (sic)
697 2227 755 2308 πρὸ
783 2238 835 2290 τοῦ
859 2230 969 2304 ὕδατος
992 2231 1067 2310 πρὸς
1090 2231 1122 2292 τὸ
1147 2237 1329 2310 ποτισθῆναι
1352 2228 1384 2290 τὸ
1408 2227 1536 2306 ὑψηλὸν
1562 2227 1680 2288 τόπων.

390 2324 530 2400 Keuyon
561 2325 594 2386 in
625 2329 801 2391 vorborum
832 2332 938 2394 indice
969 2335 1079 2409 posuit
1106 2333 1227 2412 τομεύς,
1257 2333 1341 2408 quod
1369 2332 1579 2394 femininum
1607 2341 1680 2389 esse

391 2427 513 2500 nequit.
537 2426 622 2490 Num
647 2429 730 2492 forte
753 2432 929 2508 legendum
954 2431 986 2494 ἐν
1009 2445 1044 2519 τῇ
1067 2457 1106 2496 το
1114 2445 1176 2519 μορ,
1199 2451 1240 2496 an
1264 2437 1316 2496 est
1333 2433 1533 2495 vocabulum
1558 2445 1678 2506 aegyp·

392 2527 539 2589 ilatum?
563 2528 610 2591 01.
636 2533 736 2594 228..
756 2525 871 2619 ροτόμρν
892 2535 978 2598 (fort.
998 2535 1163 2622 ὑδροτόμῳ)
1183 2535 1257 2616 πρὸς
1276 2535 1309 2596 τὸ
1328 2532 1459 2614 ἀρούρας
1475 2537 1675 2608 ’‘WWIW‘*

347 2624 510 2704 τώνόεων.
534 2631 646 2693 Alcaei
669 2633 708 2695 ir.
736 2635 798 2696 124
812 2637 967 2696 :reoda
991 2638 1062 2699 Vid.
1088 2636 1161 2698 ὅδε.

349 2723 493 2812 τῶνδρες
514 2732 752 2796 dorice=att
777 2727 895 2816 ὧνδρες.
920 2739 1069 2814 Epistula
1091 2739 1239 2802 laconica
1269 2739 1352 2799 Xan.
1378 2737 1503 2798 Helii
1531 2738 1548 2796 1
1578 2733 1673 2806 §23-

349 2825 449 2906 τώξις
477 2847 535 2906 pro
566 2832 662 2912 δόξης.
692 2836 789 2898 Ami.
813 2853 886 2913 pap.
919 2855 948 2901 a.
980 2841 1022 2900 70
1046 2857 1076 2916 p.
1101 2840 1146 2918 0.,
1182 2840 1326 2916 epistula
1354 2840 1499 2915 pessime
1530 2835 1672 2910 scripta,

393 2933 424 2994 ΙΙ
450 2935 523 3010 130,
548 2936 578 2997 2.

350 3021 429 3097 told.
460 3034 603 3098 Herond.
632 3038 677 3098 IV
708 3039 747 3099 51
784 3035 870 3100 ἔσσετ’
905 3039 999 3120 ἡμέρη
1035 3043 1117 3120 κείνη
1138 3041 1143 3118 Ι
1165 3039 1197 3102 ἒν
1225 3035 1243 3126 ᾖ
1274 3040 1306 3102 τό
1337 3039 1450 3122 βρέγμα
1480 3047 1572 3100 τοῦτο
1603 3021 1671 3094 τωῦ

391 3136 493 3215 Σύρος
517 3137 622 3222 νοήσῃ.
647 3140 778 3202 Meister
802 3140 841 3202 τὸ
865 3133 911 3202 αὖ
943 3143 1086 3219 explicat
1110 3145 1235 3205 dictum
1259 3159 1317 3220 pro
1340 3134 1395 3220 οὖ,
1417 3145 1455 3203 ut
1477 3140 1510 3202 τό
1533 3137 1621 3218 πρίν,
1641 3131 1670 3192 τὸ

392 3247 460 3316 νον,
489 3237 521 3300 τὸ
552 3241 644 3300 πάλον
670 3245 746 3320 etc,
771 3259 854 3318 quae
878 3260 994 3320 parum
1018 3247 1102 3306 mihi
1126 3247 1249 3306 arridet
1271 3246 1395 3322 opinio,
1419 3245 1448 3304 si
1471 3244 1608 3318 quidem
1633 3251 1670 3296 ne

392 3341 500 3417 ipsum
522 3343 653 3417 quidem
674 3335 713 3403 αὖ
733 3345 785 3405 hic
805 3349 1008 3421 expectatur.
1033 3347 1103 3408 Nisi
1121 3347 1206 3408 latet
1224 3347 1358 3423 vitium,
1378 3361 1452 3407 cum
1471 3341 1669 3406 Buechelero

295 3467 299 3474 ·
393 3445 503 3520 potius
538 3445 732 3522 intellegam
766 3445 805 3506 τὸ
835 3438 891 3525 εὖ,
924 3449 945 3510 i.
970 3463 998 3510 e.
1034 3447 1066 3508 τὸ
1101 3448 1201 3509 καλόν.
1236 3447 1450 3510 coniecturas
1482 3446 1547 3508 vid.
1586 3438 1668 3518 apud

396 3544 558 3607 drusium.

351 3641 454 3708 τώοτό
476 3670 518 3695 =
541 3645 630 3708 τούτό
664 3650 790 3726 passim
824 3651 1021 3712 Herodotus.
1057 3650 1128 3712 Vid.
1164 3651 1285 3712 Hoffm.
1322 3650 1369 3710 III
1404 3650 1467 3710 447
1505 3651 1539 3710 et
1572 3655 1667 3720 supra

395 3748 603 3827 ἐμεωυτοῦ.

889 3965 1130 3978 —1——-

950 4189 1023 4311 Y.
1048 4233 1080 4312 ο.

356 4363 387 4418 T.
412 4359 483 4421 vid.
510 4362 570 4420 ΟΥ.

356 4464 383 4520 Y
402 4477 460 4538 pro
485 4463 516 4521 ll.
540 4461 612 4523 Vid.
637 4460 791 4542 ραῦδος.

356 4565 460 4639 Ypro
485 4565 508 4621 l.
532 4563 603 4624 Vid.
632 4561 891 4641 allectivis,
921 4563 1118 4642 inceptiva,
1150 4561 1362 4640 Ἀρτάμντι.
1393 4558 1564 4638 Gf.1pr0
1592 4556 1660 4619 161

395 4658 578 4725 Meisterh.¹
602 4666 641 4724 22
666 4681 736 4740 sqq.

354 4767 379 4822 1
399 4781 457 4840 pro
483 4767 516 4824 O.
541 4763 682 4841 Cyprii
705 4767 993 4829 interminatione
1014 4765 1138 4828 verbali
1162 4765 1197 4824 ft
1211 4787 1252 4812 =
1266 4763 1313 4843 ΐο,
1335 4765 1368 4825 iu
1389 4779 1500 4839 praep.
1520 4753 1659 4824 dv=ov

395 4864 488 4942 (ἀνα),
517 4867 550 4927 in
580 4869 732 4942 genetivo
758 4871 845 4930 3tiae
868 4869 1097 4929 declinationis
1123 4869 1199 4942 post
1222 4867 1372 4928 vocalem
1395 4869 1432 4926 ut
1455 4864 1612 4942 Ἀρμάνεος
1631 4861 1657 4918 ln

395 4970 447 5030 tit.
471 4969 575 5030 Edalii
599 4969 720 5031 Hoffm.
748 4972 821 5032 135.
846 4971 898 5031 31.
924 4969 970 5031 cl.
998 4971 1070 5031 186.
1094 4969 1291 5044 Plerumque
1314 4971 1426 5029 tamen
1450 4981 1559 5044 praep.
1584 4961 1616 5026 iv
1633 4959 1659 5019 ei
