3608 5596
839 403 906 464 699

208 577 686 668 τροπωλγτήςεπρουώλης,
720 587 919 662 pararios
952 586 1024 648 sive
1059 585 1296 661 proxeneta
1330 583 1364 648 in
1398 579 1531 658 papyris

253 682 613 760 Leid.lv.1112;M.
642 687 674 746 II
698 689 728 748 e.

208 781 391 868 πρόπωμα·
421 783 454 846 τὸ
483 785 638 866 πρόπομα,
669 785 740 864 ὅπερ
762 785 813 848 καλ
836 787 1028 868 πρόπωμα
1050 783 1163 867 λέγεται
1188 789 1319 858 Ἀττικῶς
1347 781 1398 846 διὰ
1419 791 1473 844 τοῦ
1499 785 1530 844 ὦ.

253 885 498 952 choeroooscus
521 891 576 949 ΒΑ
601 891 697 952 1044.
720 890 793 952 Vid.
817 889 929 968 πόμα.

207 985 303 1070 πρός.
334 991 476 1054 Servant
506 993 616 1070 Iones,
648 993 764 1070 aluei,
789 992 917 1056 Aeoles.
942 993 1108 1058 Homerus
1131 994 1270 1068 usurpat
1292 987 1406 1069 πρός,
1427 987 1533 1066 ποσί,

252 1092 384 1169 προτί,
417 1095 531 1156 Boeoti
565 1093 670 1172 ποσί,
705 1110 779 1156 raro
817 1093 947 1174 προτί,
990 1093 1094 1158 Doree
1129 1093 1277 1170 plerique
1311 1092 1416 1172 ποτί,
1449 1093 1532 1156 item

252 1194 374 1272 Aetoli,
394 1195 525 1274 Delphi,
550 1196 751 1274 Phocenses,
772 1197 844 1258 ποΐ
867 1198 939 1259 sive
957 1196 1026 1257 ποί
1043 1196 1160 1272 Argivi
1179 1196 1230 1266 (ci.
1251 1195 1534 1270 ποιιίύσιιος),

252 1294 381 1374 Delphi,
401 1297 472 1360 ιιόι
490 1299 655 1376 Thessali,
678 1300 761 1376 Elei,
782 1299 1049 1368 Herculanenses
1068 1299 1109 1360 ad
1129 1297 1229 1374 Sirin,
1250 1300 1285 1361 et
1303 1312 1380 1360 cum
1392 1297 1532 1360 articulo

241 1399 290 1457 'ut
313 1399 421 1460 ιιοιιόο
443 1399 572 1476 (ποιόν),
594 1401 720 1472 ποιιούς
744 1401 874 1472 (ποιούς)
899 1403 933 1462 et
955 1401 1081 1462 similia
1103 1401 1249 1464 Lacones
1272 1399 1393 1476 aliique
1416 1399 1531 1476 Dores,

253 1495 309 1570 πός
335 1498 480 1564 Arcades
503 1505 538 1564 eb
560 1501 670 1578 Cyprii
694 1503 739 1570 (bi
763 1503 865 1564 etiem
890 1523 930 1562 πο
954 1505 1003 1568 (ut
1025 1500 1288 1580 suspirasset),
1314 1501 1432 1580 πορτί
1460 1500 1531 1562 Ore·

254 1601 379 1678 tenses,
411 1601 503 1682 πέρι
534 1604 721 1680 Pamphylii
751 1605 802 1678 (cl.
827 1602 1064 1683 περιίδοιε).
1094 1605 1183 1682 Quae
1205 1603 1337 1680 singula
1359 1605 1430 1664 suis
1452 1603 1534 1665 iocis

252 1705 375 1766 notavi.
399 1739 438 1750 -
462 1706 620 1768 Sermone
642 1707 966 1784 graeco-aegyptiaco
990 1707 1156 1769 interdum
1182 1705 1256 1785 πρός
1279 1728 1346 1766 ιιυο
1370 1703 1536 1783 significat

254 1804 295 1864 in
318 1807 455 1868 oculis
479 1809 676 1870 alicuius.
700 1808 772 1871 vid.
797 1825 824 1870 s.
845 1825 875 1870 v.
900 1808 1039 1887 μορφή.
1061 1843 1102 1852 -
1119 1808 1304 1884 Aliquando
1326 1808 1361 1868 in
1384 1807 1534 1883 Aegypto

252 1907 487 1983 periphrastioe
510 1911 643 1986 ponitur
666 1927 723 1987 pro
746 1911 912 1989 genetivo,
934 1927 965 1972 v.
981 1927 1007 1974 e.
1028 1906 1048 1988 ἡ
1071 1909 1166 1990 πρὸς
1193 1909 1350 1988 repono
1373 1907 1460 1969 οίιίυ.
1484 1906 1533 1969 01.

253 2007 414 2071 Leemans
433 2013 448 2072 I
467 2027 498 2087 p.
521 2013 594 2073 120.
609 2046 649 2057 -
663 2011 738 2090 πρὸς
758 2028 834 2074 curn
854 2013 921 2074 dat.
941 2013 1012 2075 vid.
1033 2028 1061 2075 s.
1074 2030 1105 2074 r.
1125 2017 1289 2092 γραφῖου.
1313 2010 1534 2073 -Lebadeae

252 2109 363 2174 titia.
387 2114 560 2176 175-171
581 2129 610 2176 a.
631 2113 675 2184 C.)
695 2111 856 2177 Dittenh.²
876 2117 959 2178 540:
980 2113 1135 2196 ἐγδίδομεν
1155 2111 1187 2176 δὲ
1203 2113 1235 2175 τὸ
1248 2112 1335 2194 ἔργον
1347 2111 1418 2174 ὅλον
1437 2110 1534 2190 πρὸς

253 2210 410 2290 χαλκόν,
430 2215 451 2274 1.
476 2230 504 2276 e.
528 2217 573 2276 ut
595 2216 782 2290 pretium
814 2231 911 2278 aere
935 2216 1143 2292 solvatur,
1168 2215 1224 2277 ubi
1248 2215 1352 2278 editor
1376 2216 1431 2278 eit.
1456 2215 1532 2290 226,

256 2313 311 2374 14:
332 2321 390 2374 τῶν
409 2336 439 2376 τε
458 2313 611 2396 ἀρχόντων
633 2313 752 2378 θέντων
772 2316 808 2377 τά
824 2316 888 2396 ἱερά
908 2317 1036 2396 ποτήρια
1056 2317 1097 2389 είς
1117 2315 1171 2395 τὴν
1187 2323 1240 2394 τῆς
1252 2315 1365 2390 πόλεως
1377 2316 1478 2396 χρείαν
1498 2349 1532 2361 -

253 2411 351 2494 πρὸς
373 2425 547 2494 χρυσοῦς
570 2415 718 2480 ἑκατόν.
742 2453 781 2463 -
810 2419 847 2480 In
871 2419 977 2481 lexico
1002 2419 1134 2481 Schwhi
1158 2419 1241 2480 adde
1263 2419 1357 2496 locis,
1382 2419 1438 2480 ubi
1460 2417 1535 2497 πρός

253 2530 329 2578 oum
360 2533 434 2594 gen.
463 2519 551 2581 idem
574 2520 666 2582 valet
689 2521 774 2596 quod
797 2518 880 2600 παρὰ
903 2537 980 2583 cum
1003 2522 1084 2598 dat,
1110 2521 1187 2582 Her.
1212 2521 1260 2582 111
1287 2522 1348 2582 lei
1374 2522 1460 2582 extr.
1484 2517 1535 2578 ive

253 2627 338 2701 φανῇ
368 2617 464 2698 πρὸς
496 2620 669 2700 Δαρείου
700 2619 758 2682 ἐὼν
782 2619 832 2682 καί
856 2619 888 2682 ἐν
915 2631 951 2706 τῇ
974 2619 1088 2683 ἑωυτοῦ
1112 2621 1249 2700 δόκιμος,
1272 2623 1327 2685 libi
1351 2623 1453 2698 Sbeyn
1476 2621 1533 2682 oc.

254 2719 268 2778 l
295 2720 369 2782 120.
393 2721 438 2782 IV
464 2723 536 2784 144.
561 2721 622 2782 VII
649 2723 721 2785 lea.

209 2818 405 2904 προσάγειν.
436 2825 474 2886 In
506 2823 577 2886 GIA
606 2827 733 2902 passim
763 2827 886 2902 legitur
912 2827 1056 2888 formula
1078 2825 1241 2906 προσάγειν
1263 2823 1338 2904 πρὸς
1362 2824 1414 2886 σου
1437 2823 1535 2902 δῆμον

254 2926 286 2985 et
305 2925 466 3006 προσάγειν
489 2925 564 3006 πρὸς
586 2925 641 3004 τὴν
664 2927 780 3006 βουλήν
803 2929 843 2990 de
866 2929 1062 3005 peregrinis,
1087 2929 1143 3003 qui
1165 2928 1229 3004 ipsi
1247 2928 1400 2988 dicuntur
1422 2924 1534 3005 πρόσ-

254 3025 349 3086 οδον
372 3031 584 3088 ποιεῖσθαι
606 3027 681 3106 πρὸς
707 3026 761 3106 τὴν
785 3029 911 3108 βουλήν,
934 3030 987 3091 vel
1006 3027 1081 3109 πρὸς
1101 3028 1153 3090 τὸν
1176 3029 1285 3108 δῆμον,
1307 3029 1360 3090 vel
1382 3025 1457 3108 πρὸς
1479 3025 1534 3104 τὴν

254 3124 370 3204 βουλὴν
391 3127 442 3188 καλ
465 3128 517 3190 τὸν
540 3129 649 3208 δῆμον,
674 3130 725 3190 vel
748 3129 823 3206 πρὸς
846 3130 916 3203 τοὺς
938 3130 1099 3208 πρυτάνεις
1122 3129 1173 3191 καί
1195 3129 1248 3191 τὸν
1271 3130 1378 3208 δῆμον.

209 3228 420 3315 redderem?
434 3255 476 3282 =
489 3231 647 3311 πρόσοδος.
670 3233 747 3294 Her.
772 3234 804 3292 Π
828 3235 880 3296 52.
906 3232 952 3295 cl.
978 3233 1025 3293 111
1049 3234 1092 3295 34
1115 3233 1226 3304 θυσίας
1248 3231 1456 3311 προσάγοντες.

209 3333 510 3416 προσάγωμελῑον.
541 3335 634 3396 Plato
651 3334 775 3396 Phileb.
797 3337 869 3398 aec
892 3333 1167 3414 προσαγώγιου
1189 3334 1431 3396 commemorat
1449 3332 1536 3394 inter

255 3434 479 3496 instrumenta
512 3437 784 3519 architectonica,
819 3437 876 3500 ubi
909 3436 1011 3500 schol.
1047 3435 1216 3497 ιειιουυιόν
1251 3432 1328 3496 ἐσιιο
1359 3431 1488 3513 ὄργανον
1517 3427 1534 3492 ii

254 3534 454 3614 προσάγοντες
484 3534 652 3598 εὖθύυουοι
682 3535 717 3598 τά
740 3536 864 3618 στρεβλὰ
888 3539 968 3611 ξύλα.
993 3539 1056 3600 Sed
1075 3540 1164 3600 recie
1188 3537 1357 3598 Fabricius
1380 3551 1398 3596 e
1425 3535 1535 3596 codiee

255 3636 432 3700 Bodleiano
460 3640 608 3715 reposuit
637 3639 858 3726 προσαγωγείρ.
887 3642 1032 3717 Legitur,
1063 3655 1246 3702 normam
1272 3637 1476 3714 significans,
1501 3637 1534 3696 in

255 3738 352 3800 bibulo
386 3739 555 3807 Lebadeae
585 3757 636 3818 ep.
668 3743 785 3804 Michel
817 3743 892 3819 589,
927 3744 990 3804 119
1014 3738 1128 3820 άρμοὺς
1155 3776 1193 3786 -
1218 3739 1382 3820 εὐγωνίους
1405 3737 1479 3817 πρὸς
1502 3736 1534 3798 τὸ

254 3845 492 3920 προσαγωγεῖον,
514 3841 571 3903 ubi
593 3843 761 3905 Fabricius
783 3845 823 3905 de
845 3845 962 3905 archit.
986 3859 1016 3919 p.
1039 3844 1080 3906 72
1103 3844 1383 3920 ,instrumentum
1403 3840 1536 3916 regulae

255 3941 379 4015 similo,
403 3958 466 4018 quo
489 3943 623 4005 admoto
644 3945 770 4020 lapides
792 3945 1060 4008 examinantur.”
1079 3945 1188 4006 Etiam
1211 3941 1445 4022 προσαγογή
1469 3955 1535 4002 vox

256 4043 513 4105 architectonica
542 4060 615 4107 esse
643 4047 776 4108 videtur
804 4049 838 4110 in
869 4047 1093 4123 psephismate
1129 4047 1236 4108 Piraei
1266 4049 1330 4108 aet.
1361 4045 1535 4120 lycurgeae

251 4145 310 4202 ΕΑ
335 4145 421 4206 1900
444 4161 474 4221 p.
500 4147 552 4222 96,
575 4145 597 4207 l.
622 4148 664 4208 68
683 4147 714 4209 b.
738 4149 810 4210 Vid.
836 4164 862 4210 e.
884 4165 914 4210 v.
939 4146 1133 4226 ἔντορνος.

211 4243 494 4329 τροσοιιρεῑσθαι,
526 4251 738 4324 cooptare.
770 4250 1048 4312 Aristidem.
1073 4250 1126 4326 86,
1153 4253 1172 4310 b
1195 4247 1409 4328 προσελόμενοι
1431 4247 1535 4324 σφίσιν

257 4345 359 4419 αὐτοῖς
382 4345 534 4426 άρχοντας.
559 4348 605 4412 dl.
631 4350 711 4412 Poll.
736 4350 814 4412 vrri
836 4352 878 4412 92
904 4353 937 4413 et
961 4351 1037 4413 Her.
1061 4351 1108 4412 IX
1133 4351 1184 4412 10.

212 4447 460 4532 προσαμαίνειν
473 4476 515 4502 --
528 4452 752 4532 προσημοίυειυ.
776 4453 985 4529 Panticapaei
1008 4454 1106 4514 inscr.
1130 4452 1260 4526 (Koma.

212 4549 513 4637 προσαναγράφειν
548 4556 598 4620 ide
632 4555 784 4619 decreto).
820 4554 889 4617 ΟΙΑ
920 4555 965 4616 IV
989 4556 1018 4632 2,
1052 4556 1114 4616 231
1136 4555 1156 4615 b
1180 4555 1233 4618 69.
1259 4555 1322 4615 841
1344 4555 1363 4614 b
1389 4554 1462 4615 106.
1487 4551 1534 4614 dr.

258 4657 399 4731 Lycurgi
421 4660 503 4718 orat.
528 4660 545 4728 5
571 4657 644 4718 118.

213 4757 497 4843 προσαναζητείν.
522 4759 699 4834 Pythodori
723 4760 916 4837 psephisma
939 4775 990 4835 ap.
1014 4760 1071 4820 Ar.
1096 4761 1158 4818 lle.
1181 4761 1247 4819 πολ.
1272 4759 1325 4834 29,
1353 4759 1393 4820 16
1422 4772 1535 4836 προσο-

253 4861 420 4938 cummium
444 4856 477 4920 δὲ
499 4860 568 4932 τοὺς
591 4857 767 4939 αἱρεθέντας
790 4858 902 4940 ἔγραψε
925 4857 975 4920 παλ
998 4859 1068 4931 τοὺς
1091 4858 1235 4939 πατρίους
1258 4858 1379 4937 νόμους.

215 4958 502 5047 προσαναρέρειν,
527 4963 691 5024 reiorro
715 4962 761 5023 ad
785 4965 992 5024 senatum.
1017 4961 1101 5023 IGSI
1124 4961 1200 5023 rol.
1225 4963 1300 5025 758.
1326 4961 1400 5024 760.
