3588 5600
921 393 985 463 160

330 581 444 662 poet,
466 584 637 664 βούεοοι.
658 621 699 632 -
720 586 868 648 Debere
891 586 979 663 picto
1003 586 1043 646 ab
1063 585 1176 662 Apelle
1196 586 1229 646 in
1248 587 1434 664 Aesculapii
1454 585 1510 648 031
1530 588 1609 649 aede

330 685 395 748 vid.
416 689 558 750 Herond.
584 689 628 750 IV
648 691 689 751 66
713 705 795 766 sqq,
820 689 875 751 ubi
897 689 1077 750 Buecheler
1100 687 1155 750 eft.
1179 689 1262 750 Plin.
1287 691 1356 750 NH.
1381 689 1504 750 XXXV
1529 691 1584 750 92.

285 782 411 870 βοὺοοις
434 791 542 852 dorice
565 792 682 866 tragici
695 817 736 840 =
750 791 904 871 βουκόλος.

286 887 475 973 βοοφὰρας.
501 892 571 954 Vid.
595 891 812 973 βουφόρας.

285 987 469 1075 βούφαρον·
490 991 544 1071 τὴν
565 993 709 1072 εὐάροτον
728 1003 793 1075 γῆν·
818 993 942 1074 φάρος
965 992 1021 1075 γὰρ
1040 990 1059 1072 ἡ
1080 991 1190 1074 ἄροσις.
1210 993 1261 1056 καὶ
1279 993 1419 1056 ἐπίθετον
1431 993 1502 1074 βοός
1515 998 1551 1066 (1)
1565 997 1605 1057 H.

329 1097 484 1157 Fortasse
507 1095 712 1171 significatur
734 1097 938 1176 podiopev
963 1111 1038 1158 cum
1062 1097 1265 1172 digammate
1289 1097 1502 1176 anorganIco,
1527 1101 1608 1160 nato

330 1213 372 1259 ex
396 1198 459 1259 litt.
487 1201 519 1259 Y.
544 1199 616 1260 Vid.
640 1198 865 1275 Digamma.

284 1298 479 1385 Βοοφονιών
502 1302 655 1362 Teiorum
679 1303 814 1363 mensis.
839 1301 908 1363 cie
928 1303 1014 1363 2338
1035 1302 1203 1378 (eaepIusl,
1229 1303 1310 1364 item
1323 1303 1403 1363 'leni
1416 1327 1457 1352 =
1473 1301 1608 1380 Βοηδρο-

329 1403 413 1479 μιών.
436 1403 602 1464 Bissohoii
623 1404 663 1464 de
685 1405 720 1464 F.
734 1403 770 1465 0.
784 1406 822 1465 A.

284 1499 459 1588 βοοφὸρας
478 1509 545 1581 (pro
563 1505 722 1584 βουφάρος
742 1507 875 1582 propter
894 1507 1042 1568 ordinem
1054 1507 1226 1569 literarum
1240 1506 1443 1570 Salmasiusl·
1464 1506 1608 1585 γεφύρας.

328 1608 369 1669 Η.
393 1607 481 1668 Nihil
505 1623 681 1669 commune
704 1608 804 1670 habet
828 1623 905 1669 cum
929 1605 1084 1687 βέφοριι
1108 1610 1180 1670 sive
1203 1607 1388 1687 δίφοορο,
1413 1625 1443 1683 q.
1468 1625 1499 1669 v.
1532 1609 1607 1670 llor-

327 1713 418 1771 tasse
446 1707 610 1784 significat
640 1712 774 1786 pontem
805 1712 972 1785 agrestem
1000 1711 1034 1771 in
1057 1711 1161 1788 fossa,
1187 1727 1250 1786 quo
1273 1710 1375 1770 boves
1398 1710 1608 1772 traiciuntur.

328 1811 377 1873 Gl.
402 1811 512 1872 derina
535 1813 593 1872 aut
617 1811 751 1873 3331133.

283 1910 418 1996 βοῦχις,
442 1913 501 1975 033
524 1929 626 1990 sacer,
650 1915 706 1989 qui
730 1914 928 1975 Hermonthi
948 1915 981 1975 in
998 1915 1149 1991 Aegypto
1169 1913 1337 1976 colebatur
1356 1915 1453 1989 (unde
1472 1915 1614 1978 nomina

328 2017 521 2095 Πετεβοῦχις,
550 2016 719 2094 Manange,
750 2017 910 2094 Πιβοῦχις,
934 2014 1075 2094 Πιβόχις,
1111 2017 1278 2095 Πβοῦκχις,
1302 2017 1549 2096 Πετοσορβοῦχις)
1564 2043 1607 2067 =

328 2119 450 2180 Bacis
473 2116 612 2178 Macrob.
633 2118 700 2179 Sat.
721 2119 737 2178 I
756 2119 835 2179 XXI
849 2119 890 2178 20
910 2119 961 2186 (31.
983 2117 1089 2179 Strab.
1110 2117 1202 2178 XVII
1222 2135 1251 2194 p.
1270 2119 1356 2186 817).
1378 2118 1424 2180 De
1443 2120 1504 2180 hoc
1523 2119 1609 2182 bove

326 2221 391 2280 vid.
415 2220 466 2281 W.
500 2219 777 2296 Spiegelbergium
808 2221 842 2281 in
870 2221 1004 2282 Archiv.
1037 2221 1058 2281 I.
1087 2221 1259 2296 Papyrusi.
1285 2221 1393 2298 12p.
1418 2223 1609 2286 339-342.

282 2319 388 2406 βοών,
425 2324 575 2386 bovum
610 2323 840 2400 stabulum,
876 2322 1029 2385 bubile.
1064 2325 1121 2382 ΤΗ
1143 2323 1158 2383 Ι
1193 2323 1528 2400 139εβούσιοομον.
1558 2323 1607 2385 01.

327 2429 381 2485 ΒΑ
417 2428 472 2502 29,
509 2427 562 2488 32.
599 2427 670 2484 ΕΜ
709 2427 787 2503 203,
824 2428 854 2486 9.
891 2427 968 2487 Loci
1003 2441 1124 2491 nomen
1156 2428 1209 2487 est
1243 2427 1276 2485 in
1312 2426 1441 2487 Arriani
1476 2427 1609 2502 Periplo

326 2545 355 2604 p.
383 2530 421 2589 17
446 2527 548 2589 Huds.

281 2626 433 2712 βοωνεῖν.
458 2629 528 2691 OIA
552 2629 584 2690 II
611 2631 673 2691 168
697 2628 915 2708 βοωνήσαντες.
941 2629 1010 2691 cie
1036 2631 1112 2706 111,
1138 2631 1168 2690 3.
1195 2627 1340 2707 [βο]οονίοι.

280 2729 449 2816 βοώνητα·
480 2739 566 2809 τιμῆς
596 2732 678 2809 βοῶν
709 2727 905 2810 ἠγορασμένα·
935 2729 1017 2810 παρὰ
1048 2730 1196 2809 Κυπρίοις
1227 2727 1385 2802 113οσιςο)
1413 2729 1462 2791 Gl.
1487 2730 1610 2806 Cypria

323 2835 462 2895 obscura
492 2833 680 2894 admodum.
703 2833 775 2893 Vid.
799 2833 921 2895 Hoffm.
946 2833 961 2893 I
987 2834 1059 2894 110.
1083 2833 1134 2893 Ad
1157 2833 1265 2908 priora
1289 2832 1328 2892 ci.
1353 2833 1448 2893 Paus.
1474 2833 1521 2892 ΙΙΙ
1549 2833 1606 2908 11,

327 2939 342 2996 1
376 2937 409 2997 31
440 2937 477 3009 3;
510 2935 558 2995 III
591 2937 645 3011 15,
680 2936 730 3011 10,
765 2937 820 3010 qui
855 2935 1030 3012 βοώνηια
1065 2935 1188 2995 dictam
1222 2949 1296 2995 esse
1330 2937 1443 2994 narrat
1466 2934 1607 2993 domum

322 3037 487 3112 Polydori,
511 3036 598 3112 regis
621 3037 965 3098 Lacedaemoniorum.

279 3135 419 3221 βοωνία·
450 3134 588 3209 adtletae
618 3137 710 3216 θύρα.
741 3140 863 3215 Κρῆτες.
891 3139 931 3200 Η.
957 3138 1142 3213 Appellatio
1166 3151 1282 3212 parum
1306 3136 1479 3197 credibilis.
1504 3137 1607 3196 Lacu·

322 3255 400 3302 nam
426 3239 601 3300 statuerim
625 3239 711 3300 inter
733 3239 879 3315 glossam
904 3243 938 3301 et
961 3239 1231 3316 explicationem,
1257 3253 1339 3313 quae
1362 3238 1426 3299 alio
1449 3239 1607 3314 pertinet.

278 3339 417 3424 βοῶπις.
449 3341 540 3402 Adde
571 3341 725 3416 Bacchyl.
758 3342 790 3401 X
820 3342 862 3402 99
893 3347 1014 3413 Λατοῦς
1046 3375 1087 3386 -
1118 3341 1256 3419 θύγατρα
1287 3342 1411 3419 βοῶπιν.
1436 3340 1512 3400 XVI
1540 3341 1606 3400 110

321 3445 369 3505 Bl.
401 3443 428 3520 β.
461 3442 655 3520 Ἀμφιτρίταν.
689 3443 845 3519 (iorrupte
876 3439 996 3527 βοώιιη
1026 3439 1178 3522 (παρθένε)
1210 3459 1282 3518 pap.
1315 3457 1402 3516 mag.
1431 3440 1507 3502 bibl.
1533 3443 1605 3504 nat.

321 3546 393 3606 Par.
417 3543 524 3606 11686.
549 3544 569 3604 l.
595 3545 692 3604 2748.
717 3545 751 3604 L.
775 3545 881 3622 βοῶπι.

278 3642 346 3730 βρὰ
369 3645 521 3708 (fortasse
544 3640 791 3726 βροκοοιρες>·
816 3642 941 3720 ἀδελφοὶ
965 3642 1024 3705 ὑπὸ
1043 3639 1178 3704 Ἠλείων.
1202 3645 1243 3705 Η.

276 3747 355 3832 βρᾰ.
386 3745 579 3822 Apollonius
609 3745 649 3806 (16
673 3746 745 3806 adv.
774 3748 850 3822 163,
877 3747 929 3808 23.
957 3749 1023 3805 ΕΜ
1047 3749 1126 3822 210,
1151 3747 1211 3806 42:
1236 3742 1296 3804 ἀπὸ
1319 3753 1372 3804 τοῦ
1396 3743 1503 3828 ῥᾴδιον
1526 3742 1605 3804 κατὰ

319 3844 508 3923 πλεονασμὸν
538 3853 591 3905 τοῦ
621 3847 641 3924 β
672 3848 839 3910 (11110----1ς
848 3853 856 3914 1
882 3847 1043 3924 Atalantae,
1066 3847 1184 3927 βραΐδ
1192 3869 1251 3907 ιον
1274 3844 1323 3906 καὶ
1346 3845 1422 3907 κατὰ
1444 3847 1605 3927 σνγκοπὴν

320 3949 391 4027 ppo
415 3948 466 4013 (01.
486 3947 584 4008 Hom.
605 3943 677 4026 ῥέα).
702 3947 805 4020 Οὕτως
821 3943 1007 4026 Ἡρωδιανὸς
1025 3945 1076 4008 καὶ
1088 3949 1301 4028 Χοιρόβοσκος.
1313 3949 1360 4011 (ti.
1375 3951 1447 4009 ΕΜ
1455 3952 1531 4028 700,
1546 3953 1604 4014 35.

276 4047 487 4132 βραδανίζει·
511 4047 624 4128 ῥιπίζει.
648 4048 785 4110 τινάσσει.
810 4050 851 4111 Η.
875 4051 1006 4112 Aeolica
1020 4049 1233 4129 εραδοιίζει.
1257 4053 1347 4113 Infra
1370 4056 1423 4113 est
1441 4051 1604 4132 ῥαδονί-

319 4154 432 4224 ζεται·
455 4149 630 4209 τινάσσεται.
655 4149 701 4212 Gi.
726 4151 941 4230 βρατάναν.

275 4249 409 4335 βραδέα
442 4246 584 4334 γράφειν
619 4253 658 4313 de
690 4253 853 4313 scribendi
884 4255 1050 4330 imperitis
1081 4257 1129 4313 PB
1158 4257 1237 4332 446,
1266 4257 1317 4317 19.
1343 4255 1390 4318 01.
1416 4257 1457 4317 25
1481 4253 1604 4335 ἔγραψα

318 4351 368 4413 καὶ
392 4350 440 4413 ἐπὶ
463 4361 498 4436 τῇ
521 4351 637 4432 μητρὼς
661 4353 730 4426 (sic)
754 4354 1020 4434 βρατεγραφούσης
1043 4357 1122 4427 (sic).

296 4450 565 4538 ραθομήσοινοες
599 4453 739 4521 (Ruhnk.
775 4470 832 4531 pro
863 4457 994 4536 pappus)
1030 4454 1268 4537 ὀλιγωρήσαντες.
1304 4459 1344 4518 H.
1377 4459 1509 4520 Aeolice
1542 4475 1604 4536 pro

318 4554 555 4634 ραθνμήσαντες.

317 4759 379 4819 Per
403 4759 470 4818 ami
551 4757 624 4818 160.

295 4773 428 4940 ροικεξν·
452 4773 624 4918 σοξιέιαι
609 4861 642 4919 et
663 4855 814 4940 βρακείς·
827 4859 926 4931 συνείς
946 4861 977 4928 (l.
998 4861 1128 4933 συνιείς).
1152 4863 1192 4923 H.
1213 4863 1352 4924 Formae
1364 4867 1443 4924 sunt
1454 4865 1602 4929 aeolrcae

316 4957 469 5038 βράκην
504 4960 537 5019 31
565 4957 729 5037 βράκεις
760 4960 964 5038 scribendae,
996 4963 1092 5036 quasi
1122 4979 1151 5024 3.
1177 4979 1207 5024 v.
1239 4963 1466 5042 ppdappa=
1424 4967 1603 5046 -φράζοι,

273 4651 480 4738 §paidom
482 4655 578 4738 diros.
597 4655 723 4729 Αἰολεῖς.
743 4658 783 4718 Η.
799 4660 865 4717 ΕΜ
885 4661 964 4736 210,
985 4661 1094 4720 43.-
1054 4657 1418 4742 -ppoittogrueocc
1433 4661 1480 4723 01
1494 4663 1602 4726 Inscr.
