3608 5596
805 426 866 488 767

219 603 269 680 18,
295 605 314 664 2
334 603 429 678 εὐθύς
458 628 488 667 τε
510 605 604 669 αὐτὸν
626 615 690 682 ταῖς
712 615 830 682 λοιπαῖς
854 611 1016 691 στρατείαις
1040 609 1194 690 ἐσέμνυνε,
1217 613 1496 690 quemadmodum

218 705 274 764 vix
295 707 366 781 ipse
389 709 448 770 Dio
471 711 645 787 scripsisse
669 713 809 774 videtur.

174 801 375 886 στρατεύειν.
398 811 470 872 Vid.
495 809 768 892 ἕστρατευάθη
792 819 826 877 et
848 813 1101 896 ἐστρατεύθη.
1122 850 1165 860 -
1188 817 1309 878 Forma
1332 817 1442 878 activa
1462 818 1495 878 in

216 910 283 970 titt.
318 914 428 976 atticis
466 916 638 977 rarissime
672 919 739 993 est,
775 919 912 994 excepto
947 915 1172 998 ἐπιστρατεύειν.
1207 919 1277 979 716.
1313 911 1496 980 Meisterh.²

220 1011 292 1088 154,
318 1014 348 1075 2.
373 1048 413 1058 -
439 1017 797 1096 στρατευσάμενος,
820 1036 840 1081 a
866 1019 1054 1082 militiis.
1087 1021 1271 1083 1031716.
1298 1055 1339 1066 -
1361 1019 1495 1082 Mirifice

217 1112 395 1190 Theophyl.
428 1118 507 1182 Sim.
538 1120 624 1182 Hine.
656 1121 733 1181 VIII
765 1123 815 1198 15,
841 1123 870 1199 7,
901 1119 956 1200 τὴν
986 1122 1205 1203 ιιοσμοφθόρον
1228 1120 1345 1200 ἐκείνην
1368 1119 1495 1202 ἐστρά-

216 1231 323 1276 τευσε
347 1217 536 1300 σάλπιγγα
559 1238 617 1298 pro
641 1222 802 1302 στρατείαν.

171 1313 383 1401 στρατήγιον,
402 1318 449 1384 τό.
468 1321 537 1385 014
556 1325 587 1384 ΙΙ
608 1325 681 1400 728,
702 1326 727 1385 Β
749 1327 801 1398 29,
821 1325 907 1400 quod
926 1329 1032 1387 metro
1051 1327 1237 1402 postulatur
1254 1326 1351 1401 Soph.
1366 1327 1405 1386 Ai
1420 1327 1493 1388 708.

171 1416 357 1502 στρατηγός
387 1416 522 1506 (ἥρως).
557 1426 658 1486 inser.
687 1428 747 1486 att.
771 1441 858 1488 saec.
884 1427 931 1486 III
954 1427 1108 1488 exeuntis
1132 1429 1190 1488 aut
1212 1428 1243 1487 ll
1267 1428 1412 1489 ineuntis
1437 1430 1495 1486 ΕΑ

220 1519 314 1597 1884,
349 1525 421 1601 170,
454 1527 495 1586 53
524 1525 581 1604 πρὸ
612 1535 671 1586 τῶν
700 1528 885 1606 ττροβο[1ο”ι]ν
915 1527 1047 1589 θύουσιν
1077 1526 1174 1607 ἥρωι
1198 1537 1427 1608 στρατηγῶν.
1455 1563 1494 1573 -

216 1623 403 1708 στρατηγὸς
426 1621 566 1708 ὕστατος,
590 1632 761 1704 praetor
784 1631 1008 1708 maximus,
1033 1631 1200 1706 antiquior
1222 1630 1307 1707 apud
1327 1631 1495 1692 Romanos

217 1727 404 1788 consulis
435 1729 609 1805 appellatio
638 1733 843 1799 (Mommsen.
872 1733 952 1808 pr.
984 1733 1083 1808 epigr.
1116 1733 1131 1792 I
1159 1749 1191 1807 p.
1224 1733 1288 1793 223
1316 1743 1410 1807 sqqo.
1443 1733 1496 1792 Sic

217 1831 352 1889 vocatur
372 1829 406 1890 Τ.
428 1831 598 1906 Quinctius
616 1833 824 1894 Flamininus
843 1833 876 1894 in
889 1833 957 1895 010
973 1835 1057 1895 1325
1071 1837 1103 1895 et
1119 1835 1204 1895 1770
1218 1843 1257 1903 (a.
1274 1833 1336 1894 198
1349 1850 1368 1894 a
1381 1833 1438 1902 0.).
1454 1869 1493 1878 -

217 1927 253 1988 In
270 1930 420 2007 Aegypto
440 1931 626 2017 στρατηγὸς
644 1937 704 2017 τῆς
723 1930 873 2013 πόλεως,
894 1935 914 1996 i.
929 1953 956 1997 e.
978 1936 1212 2013 Alexandriae,
1235 1937 1281 1994 ΡΒ
1295 1937 1359 1998 729
1373 1945 1413 2008 (a.
1431 1938 1494 1996 144

217 2045 246 2104 p.
267 2030 325 2106 O.l;
348 2034 397 2092 ΡΟ
416 2034 431 2092 Ι
451 2035 523 2111 100,
545 2037 560 2094 1
579 2051 626 2110 sq.
648 2041 687 2099 (a.
712 2038 773 2097 133
791 2053 820 2112 p.
842 2036 897 2110 0.).
923 2037 1110 2098 Praeluisse
1130 2038 1260 2099 videtur
1281 2037 1496 2114 vectigalium

216 2132 249 2191 in
269 2149 308 2193 es
326 2135 405 2196 urbe
428 2137 717 2199 administrationi.
738 2137 784 2199 cf.
798 2137 957 2216 Wiloken,
981 2139 1016 2200 O.
1037 2139 1073 2201 G.
1094 2141 1109 2200 I
1126 2156 1156 2215 p.
1178 2141 1254 2201 624.
1270 2141 1361 2200 —In
1381 2139 1495 2202 Attica

216 2234 375 2315 στρατηγὸς
399 2235 462 2298 ἐστί
484 2237 521 2299 τὸ
545 2238 734 2300 ναυτικὸν
758 2240 828 2301 ΟΙΑ
849 2241 881 2300 11
900 2242 974 2317 331,
996 2243 1026 2303 5.
1045 2243 1120 2318 985,
1140 2240 1163 2301 O
1184 2243 1211 2316 1,
1230 2241 1255 2301 E
1272 2242 1369 2302 1145.
1384 2243 1437 2302 53.
1453 2274 1493 2285 -

216 2333 277 2396 ἐστὶ
300 2335 342 2396 τὰ
366 2336 457 2400 ὅπλα
480 2343 553 2402 sive
577 2339 639 2401 lei
669 2342 758 2415 τοὺς
789 2338 951 2415 ὁπλίτας
982 2344 1111 2404 11331.
1138 2343 1213 2404 389.
1239 2344 1301 2406 916.
1327 2343 1403 2404 802.
1429 2344 1494 2404 484

217 2437 406 2501 ete—hl
429 2442 520 2515 τοὺς
544 2440 682 2516 ξένους
701 2445 733 2504 11
753 2445 827 2520 831,
854 2445 906 2506 25.
923 2438 1026 2504 -ἐττ’
1050 2439 1278 2516 Ἐλευσῖνος
1299 2445 1493 2506 ΙΙ1349.-

216 2537 368 2620 ἐττὶτητ
392 2545 647 2622 παρασκευήν
672 2546 802 2623 11331,
827 2547 879 2608 25.
904 2548 1081 2608 403-405
1106 2543 1314 2608 eben-Im
1339 2544 1408 2623 τὴν
1431 2568 1495 2606 πα-

215 2643 411 2724 ρασκευὴν
449 2644 518 2722 τὴν
552 2643 591 2706 ἐν
623 2642 731 2706 ἄστει
762 2648 826 2709 985
855 2649 880 2708 Β
905 2650 939 2708 et
961 2649 996 2710 Ε.
1025 2681 1064 2692 -
1088 2645 1247 2727 στρατηγοὶ
1280 2646 1319 2708 οἱ
1340 2644 1402 2706 ini
1425 2646 1495 2724 τὴν

216 2754 282 2806 τοῦ
312 2744 486 2824 ττολίμον
517 2745 772 2826 παρασκευὴν
795 2745 1174 2827 κεχειροτονημένοι
1198 2750 1261 2810 733
1286 2750 1312 2810 Β
1337 2750 1367 2810 2.
1395 2781 1432 2791 -
1453 2741 1498 2809 Ισί

215 2844 277 2907 ἐστὶ
301 2847 367 2908 τὸν
391 2851 559 2926 Πειραῐα
586 2850 681 2910 1207.
707 2847 753 2909 dl.
782 2851 876 2912 1206.
905 2851 1001 2912 1339.
1028 2885 1067 2894 -
1093 2847 1156 2910 ἐστὶ
1182 2847 1248 2922 τὰς
1272 2849 1494 2926 συμμορίας

217 2951 326 3027 8099,
353 2952 427 3012 209.
455 2985 494 2994 -
520 2949 582 3010 {nl
604 2948 674 3028 τὴν
697 2949 823 3030 χώραν
855 2953 929 3028 331,
956 2953 1008 3014 24.
1031 2985 1072 2995 -
1097 2948 1160 3010 inl
1183 2947 1252 3027 τὴν
1275 2950 1403 3028 χώραν
1426 2947 1494 3027 τὴν

216 3051 412 3131 παραλίαν
439 3054 534 3114 1194.
558 3055 653 3114 1195.
676 3087 716 3097 -
738 3062 907 3134 στρατηγῶν
932 3051 995 3112 inl
1019 3058 1181 3130 Λῆμνον
1206 3053 1280 3129 593,
1305 3053 1363 3113 10:
1390 3085 1430 3096 -
1456 3049 1494 3112 ἐν

214 3157 412 3232 Σαλαμῖνι
442 3155 518 3231 469,
545 3157 596 3217 77.
620 3156 695 3217 595.
729 3155 851 3231 Quibus
881 3155 982 3216 Arist.
1012 3157 1072 3214 119.
1096 3157 1162 3214 τισλ.
1187 3156 1239 3231 61,
1265 3156 1284 3215 6
1309 3169 1357 3228 sq.
1390 3152 1491 3215 addit.

215 3254 270 3327 είς
293 3255 361 3333 τὴν
387 3257 613 3335 Μουνιχίαν
636 3260 670 3319 et
693 3255 748 3329 εἰς
772 3254 842 3333 τὴν
866 3255 1003 3333 Ἀκτην.

171 3354 332 3442 στρατηίη
363 3362 397 3420 et
426 3354 660 3443 στρατηλασίη
691 3359 850 3420 ionice:
864 3357 1041 3437 στρατεία
1069 3357 1255 3420 Herodotus
1283 3372 1359 3418 cum
1394 3357 1494 3418 verbo

215 3463 494 3537 στρατηλατεῖν
528 3463 679 3536 usurpat,
715 3461 776 3521 hoc
818 3475 894 3521 cum
928 3460 1081 3535 tragicis;
1117 3459 1165 3520 III
1201 3461 1264 3520 140
1298 3457 1494 3538 στρατηλασίη

216 3559 380 3636 significat
403 3560 534 3640 στρατός,
557 3562 789 3623 exereitus.

170 3656 407 3746 στρατηλάτης
436 3664 569 3739 saepius
599 3663 741 3725 occurrit
772 3664 805 3723 in
836 3679 929 3740 pepp.
963 3678 1033 3738 aeg.
1063 3665 1127 3724 aet.
1152 3663 1366 3738 byzantinae;
1397 3662 1493 3723 inter·

215 3765 294 3825 dum
329 3757 458 3824 additur
492 3762 542 3823 nai
575 3763 776 3844 τταγοίρχος
811 3765 883 3825 sive
914 3763 1133 3843 παγάρχης,
1164 3766 1201 3825 ut
1232 3765 1279 3822 ΡΒ
1309 3765 1384 3841 305,
1411 3765 1429 3824 2
1453 3771 1492 3826 (a.

216 3867 305 3939 556);
331 3865 405 3941 320,
432 3867 461 3926 7.

170 3962 377 4051 στρατηλάτι
403 3969 519 4029 (vocat.
544 3967 620 4028 fem.
645 3971 739 4044 geni.
765 3967 842 4043 Pap.
866 3981 954 4042 mag.
975 3965 1052 4027 bibl.
1077 3968 1144 4026 nat.
1168 3967 1240 4028 Par.
1265 3967 1337 4032 (W.)
1361 3968 1458 4028 2275.

170 4065 310 4150 στρατιά
332 4069 498 4129 interdum
520 4084 577 4142 pro
600 4069 734 4146 στρατεία
753 4069 787 4128 in
810 4067 931 4143 titulis,
957 4069 994 4128 ut
1016 4082 1115 4142 saepe
1138 4067 1169 4127 in
1195 4069 1391 4144 scriptorum
1410 4067 1512 4148 eodi-¹

215 4170 316 4231 cibus.
348 4169 419 4230 Vid.
451 4163 632 4230 Meisterh.²
655 4171 707 4245 43,
734 4171 785 4229 29.
817 4170 972 4230 Fortasse
996 4183 1034 4229 eo
1057 4183 1157 4228 sensu
1180 4167 1322 4229 scribere
1346 4169 1494 4244 praestat

215 4270 389 4350 στρατία.

169 4369 627 4454 στρατιαρχίαεστρατηγία.
651 4371 830 4446 Theophyl.
855 4373 935 4434 Sim.
959 4372 1046 4432 Hist.
1072 4372 1174 4448 1113,
1200 4374 1229 4434 7.

169 4469 409 4556 σσρασιώτερον
457 4470 599 4553 (Ἄρτους)
624 4495 666 4520 =
690 4472 901 4552 μαχιμώτερον.
944 4472 1056 4534 Alcaei
1099 4473 1138 4533 fr.
1175 4473 1226 4534 29.
1269 4471 1315 4532 De
1350 4469 1492 4547 positivo

214 4575 279 4635 vid.
304 4575 420 4636 lexica.

168 4673 378 4761 Στρατιώτης
389 4672 526 4759 Διρίλοο
540 4677 718 4738 comoedia.
729 4674 797 4738 cin
810 4677 841 4736 11
855 4677 963 4737 99211
977 4677 1008 4736 9.
1022 4675 1068 4738 Oi.
1083 4675 1178 4737 Mein.
1192 4676 1277 4736 Hist.
1292 4675 1363 4736 orit.
1376 4692 1406 4751 p.
1415 4677 1491 4738 451.

168 4773 417 4858 στρατονίιιεια,
447 4779 567 4839 festum
600 4777 652 4838 vel
683 4793 768 4854 agon
792 4779 824 4838 in
849 4778 1007 4838 honorem
1028 4777 1234 4838 Stratonicae
1256 4777 1397 4852 reginae.
1421 4776 1492 4838 Deli

213 4879 266 4939 tit.
291 4877 375 4940 BOH
398 4879 443 4939 VI
469 4881 530 4940 144
555 4881 687 4957 (num).

168 4975 480 5063 στρατονομάρχης.
504 4981 606 5042 Inscr.
631 4980 846 5056 Heliopolidis
869 4981 902 5040 in
926 4979 1031 5054 syria.
1056 4977 1125 5039 utu
1148 4980 1233 5041 8617
1259 4980 1390 5051 (Kuml.
