3662 5606
930 383 996 444 420

301 561 514 648 casstellum,
545 566 632 627 ludi
666 564 918 642 capitolini,
950 567 1095 628 instituti
1125 581 1145 628 a
1174 567 1363 629 Domitiano
1393 581 1422 627 a.
1455 567 1488 641 p.'
1510 565 1543 626 G.
1570 567 1623 626 86.

348 670 444 744 IGSI,
471 670 546 728 746.

302 766 460 853 κάπηλα·
491 765 510 845 ἡ
534 767 702 846 κρεώπιολις
729 763 824 845 ἀγορὰ
845 767 927 846 παρὰ
954 768 1157 844 Ταραντίνοις.
1180 770 1220 830 Η.
1245 769 1324 830 coll.
1349 769 1427 830 Ηοε.
1450 771 1629 826 suuntur*

346 867 665 943 ο1καπα1εοτάς,
689 869 918 943 corrigendum
942 871 1045 930 videri
1070 869 1367 946 potestatuum,
1390 873 1418 930 si
1441 873 1495 931 est
1518 871 1623 930 neutr.

346 973 438 1048 plur„
463 974 515 1032 sin
534 971 612 1032 iem.
633 969 729 1044 sing.,
753 968 915 1028 καπάλα.
939 971 1033 1047 Apud
1058 972 1260 1046 Sophronem
1285 975 1397 1032 tamen
1420 972 1459 1032 fr.
1482 971 1523 1030 28
1545 970 1624 1030 Ahr.

344 1074 486 1134 traditur
516 1073 623 1132 forma
655 1069 801 1144 vulgaris
830 1071 994 1148 καπήλους.
1023 1072 1190 1147 Hesychio
1212 1088 1239 1132 s.
1265 1089 1295 1133 v.
1320 1071 1452 1149 κάπηλος
1476 1073 1505 1132 si
1528 1069 1625 1146 fides,

344 1173 446 1249 κοίπη
470 1173 521 1238 (ci.
545 1171 677 1232 κάπτειν)
701 1172 803 1232 etiam
826 1172 922 1248 τροφή
946 1172 1163 1248 significahat.
1187 1207 1225 1218 —
1247 1175 1309 1234 Pro
1331 1173 1450 1251 κάπηλα
1475 1172 1625 1232 Schmidt

345 1275 484 1336 coniecit
507 1277 667 1350 καπηλεῖα,
689 1273 747 1333 sed
770 1273 946 1334 dialectum
970 1275 1171 1336 tarentinam
1195 1276 1295 1335 nimis
1319 1275 1508 1351 imperfecte
1533 1272 1624 1333 novi·

345 1391 435 1452 mus,
461 1377 497 1434 ut
519 1375 674 1435 assentiri
698 1375 875 1448 possimus.

301 1473 387 1540 κάπὶ
411 1477 571 1537 aeolicum
595 1477 629 1536 et
652 1476 805 1552 atticum,
829 1473 923 1554 κήπ1
948 1478 1104 1538 doricum.

302 1573 425 1641 κάπία·
460 1575 495 1636 τὰ
529 1575 667 1654 σκόροδα.
703 1578 863 1654 Κερυνῖται
900 1579 945 1645 (in
980 1577 1105 1653 Cypro).
1141 1579 1180 1640 H.
1216 1579 1287 1640 vid.
1324 1579 1445 1640 Hoffm.
1481 1579 1509 1653 I,
1550 1578 1622 1637 118.

347 1674 395 1740 cf.
425 1692 562 1752 caepe.

301 1780 515 1861 καπνοῦται,
547 1778 561 1837 I
568 1777 811 1855 umispiees,
842 1780 1055 1856 haruspicum
1085 1795 1189 1856 genus
1213 1783 1297 1857 apud
1322 1782 1497 1856 Rheginos.
1523 1780 1621 1854 Iasi,

348 1882 423 1940 617.
449 1881 523 1940 618.
549 1879 596 1940 Gr.
620 1894 647 1938 S.
672 1894 703 1938 V.
728 1878 946 1958 ἱεροκόμος.

302 1975 513 2043 καπνὲλοιιον
538 1996 602 2041 non
627 1981 865 2055 petroleum
888 1986 935 2050 (ut
958 1999 1009 2058 ap.
1034 1983 1194 2044 Galerium
1215 1984 1295 2044 XIII
1313 2001 1343 2060 p.
1365 1987 1429 2044 626
1442 1984 1503 2056 Κ.1,
1523 1982 1621 2057 signi-

343 2081 420 2140 ficat
443 2082 476 2140 in
501 2081 687 2156 fragmento
711 2083 872 2144 versionis
896 2084 1063 2160 delphicae
1087 2086 1185 2146 edicti
1208 2085 1402 2146 Diocletiani
1426 2084 1621 2158 solitast,

345 2197 375 2258 p.
396 2183 472 2258 408,
494 2183 551 2242 sed
572 2183 658 2243 idem
682 2184 767 2256 quod
790 2185 1008 2245 καπνιοτὸν
1032 2184 1175 2263 ἔλαιον,
1198 2187 1356 2262 unguenti
1380 2201 1485 2262 genus
1504 2183 1621 2244 descri-

345 2286 437 2358 ptum
463 2283 503 2343 ah
528 2283 632 2343 Aetio.
658 2283 704 2344 cf.
730 2284 922 2348 Thessa

300 2381 432 2457 καπνὸς
463 2378 700 2463 κορτοάζεται·
731 2395 833 2468 σκιρτᾷ
854 2385 936 2465 παρὰ
956 2381 1134 2473 Ἐπιχάρμῳ.
1159 2389 1199 2449 Η.
1227 2388 1303 2450 dod.
1328 2387 1623 2466 καπνοκορτοάζετοιι.

345 2485 434 2546 Gorr.
466 2483 739 2545 Hemsterhusius
769 2486 841 2547 coll.
873 2489 970 2549 Hom.
1001 2490 1171 2569 κορθύεται.
1207 2491 1423 2565 Syracusanis
1452 2489 1623 2567 κορτοοὶζειν

345 2586 513 2661 proprIum
536 2599 611 2644 esse
634 2589 752 2659 potest.

303 2682 438 2758 κάποις·
463 2684 578 2761 κήποις.
601 2686 641 2746 Η.
667 2685 765 2762 lhyco
789 2689 826 2749 Ir.
856 2691 883 2765 1,
909 2691 929 2749 4
953 2692 1092 2753 reddidit
1115 2694 1234 2754 Naske.

302 2782 514 2848 κάππαοοον·
538 2785 683 2846 ποικιλόν.
707 2788 747 2848 Η.
771 2790 879 2851 dorice
903 2795 961 2852 aut
983 2793 1105 2855 aeolice
1119 2819 1160 2843 =
1173 2793 1369 2854 κατάπαστον.

299 2880 716 2949 καππαύειτ-καταπαύει,
740 2891 831 2952 Pind.
857 2894 895 2950 N.
919 2893 966 2953 IX
993 2896 1043 2955 15.

298 2982 522 3062 mardorum
554 2990 649 3050 PaUS.
678 2991 726 3050 III
758 2993 809 3069 22,
835 2995 862 3055 1.
891 2994 1011 3055 Γυθίου
1043 2992 1076 3056 δὲ
1106 3002 1181 3074 τρεῖς
1212 2997 1335 3074 μάλιστα
1358 2993 1458 3074 ἀπέχει
1481 2994 1622 3066 σταδίους

343 3086 462 3168 ἀργὸς
496 3089 619 3162 λίθος
650 3085 790 3168 Ὀρέστην
819 3091 938 3173 λέγουσι
969 3094 1159 3157 καθεσθέντα
1190 3092 1232 3157 ἐνί
1264 3097 1358 3158 αὐτοῦ
1389 3097 1621 3156 παύσασθαι

343 3199 395 3268 τῆς
426 3189 543 3266 μανίας
575 3189 626 3251 διὰ
653 3200 740 3252 τοῦτο
773 3189 788 3252 ὃ
818 3193 905 3266 λίθος
933 3192 1099 3275 ὠνομάσθη
1125 3197 1200 3271 Ζεὺς
1223 3198 1431 3271 καππώτας
1455 3200 1523 3268 (sic)
1546 3196 1622 3257 κατὰ

343 3295 481 3371 γλῶσσαν
503 3289 559 3368 τὴν
583 3292 714 3370 Δωρίδα.
738 3297 782 3354 Α1
805 3309 925 3356 sanum
950 3303 1002 3359 est
1023 3299 1250 3378 καππώτας,
1273 3301 1453 3362 formatum
1479 3317 1498 3361 a
1521 3301 1621 3361 verbo

340 3393 589 3468 καταπίνειν,
613 3397 647 3454 ο1
670 3395 758 3456 male
782 3397 986 3472 explicatum
1010 3416 1029 3460 a
1053 3403 1237 3463 Pausaniae
1261 3403 1461 3464 auctoribus.
1485 3402 1532 3462 Ut
1550 3403 1621 3476 Iup·

343 3493 428 3568 piter
452 3493 621 3568 pluvius
645 3498 717 3555 erat
740 3499 774 3557 et
796 3493 942 3574 ὑέτιος,
964 3501 1012 3560 ita
1037 3502 1124 3562 idem
1149 3503 1229 3564 deus
1252 3502 1426 3579 καταπώτης
1449 3504 1513 3563 dici
1533 3505 1621 3577 pote·

344 3596 410 3668 rat,
435 3593 490 3666 qui
513 3597 637 3655 terram
661 3611 745 3670 aqua
768 3598 882 3672 pluvia
904 3601 1126 3663 imbueret.

301 3689 493 3755 καππετών·
517 3695 702 3773 καταπεσών,
723 3697 865 3774 κείμενος.
890 3702 930 3762 Η.
956 3702 1026 3763 vid.
1053 3700 1202 3780 ἕπετον,
1224 3705 1405 3764 κάπετον.

300 3790 722 3874 καππορίσοισοιεκαταπ.
746 3799 880 3861 Theocr.
904 3802 936 3860 11
961 3803 1013 3862 24.

299 3891 498 3968 καππώτας.
523 3895 603 3957 Vide
626 3899 811 3972 καππαύτοις.

298 3991 444 4076 κάπριος
475 3997 802 4078 ἰοοὶοοεκάπρειος,
825 4005 1106 4079 caprirormis.
1136 4008 1212 4068 Her.
1237 4009 1284 4068 III
1309 4013 1350 4070 19
1382 4015 1451 4086 νῆες
1475 4005 1621 4084 καπρίους

345 4094 466 4175 ἔχουσαι
487 4095 539 4170 τὰς
562 4099 690 4182 πρῴρας.

300 4193 545 4280 Karpessos·
563 4197 695 4278 ’Ἀρτεμις
719 4199 751 4260 ἐν
774 4202 877 4288 Σάμῳ.
902 4206 941 4266 Η.

299 4293 450 4360 κάπτειν.
474 4299 615 4362 Heroud.
641 4301 700 4361 VII
723 4304 764 4364 85
785 4302 918 4380 φύλασσε
937 4307 1063 4382 κά[ψ]ας
1083 4309 1175 4387 αὐτοί,
1197 4328 1261 4373 sec.
1283 4315 1472 4374 Meisterum
1497 4327 1619 4373 serva

346 4401 572 4478 tenaciter,
604 4405 658 4478 qui
689 4405 814 4466 confert
844 4407 922 4468 Hes.
946 4409 1170 4484 κάπτοντες·
1194 4411 1409 4493 ἀποδεχόμενοι
1432 4431 1507 4476 cum
1532 4430 1620 4475 vocc.

345 4501 460 4562 latinis
491 4517 645 4581 capere,
671 4521 796 4580 capsa
827 4511 861 4568 et
889 4510 1029 4572 Heroud.
1061 4513 1075 4572 1
1107 4515 1149 4574 38
1174 4531 1226 4574 σευ
1249 4513 1282 4574 τὸ
1306 4515 1419 4595 ὥριμον
1442 4517 1543 4593 κείρει,
1565 4515 1620 4576 ubi

345 4604 457 4663 tamen
481 4605 599 4666 malim
622 4605 752 4684 κά<ρ>
762 4620 822 4682 ψει.

301 4698 546 4785 καπφοιλάροις
568 4706 709 4768 absurdo
732 4723 841 4770 errore
864 4711 1043 4788 Theophyl.
1069 4717 1148 4776 Sim.
1174 4717 1243 4781 vld.
1269 4733 1296 4779 s.
1311 4735 1340 4779 v.
1365 4715 1508 4796 ὀμεῐτο.

302 4797 370 4882 κάρ
391 4803 515 4882 εκήρ.
550 4807 689 4869 Alcman
720 4809 759 4870 ir.
792 4811 831 4869 81
855 4811 920 4888 11.,
952 4815 1008 4873 sed
1039 4817 1130 4878 Pind.
1155 4818 1194 4877 fr.
1220 4821 1282 4878 211
1314 4821 1453 4881 traditur
1484 4823 1612 4900 Κῆρες

347 4902 393 4964 Cf.
418 4914 618 4984 καριῶσοιι.
