3662 5606
833 436 897 498 418

248 621 344 700 βομοῦ
367 629 421 681 τοῦ
443 624 618 681 aamercort
638 618 716 680 θύεν
734 626 827 678 ταῦτα
846 617 896 678 καλ
919 620 1039 680 καλαί
1043 619 1096 678 δα.
1121 619 1309 684 Kabbadias
1328 621 1435 698 priore
1455 622 1525 684 loco

247 723 471 798 gallinam,
497 723 677 798 posteriore
700 720 860 797 gallum
884 721 1172 797 gallinaceum
1196 723 1372 798 intellegit,
1401 723 1524 784 Ditten·

247 825 324 900 berg
353 827 491 900 utroque
520 825 743 900 gallinam
776 837 873 898 quem
906 824 971 887 vid
1004 824 1043 884 de
1067 825 1193 884 incerta
1217 824 1365 886 vocabuli
1389 825 1524 900 origine.

246 927 331 987 Num
354 927 438 988 rorte
462 926 658 988 vocabulum
681 939 837 1000 graecum
861 925 1058 986 ellatinum
1084 925 1300 1002 etymologiae
1326 927 1525 988 cohaerent?

202 1021 478 1110 καλα<μά>ζεν
491 1023 638 1107 ὀγκοσκαι.
653 1025 816 1104 Λχοιοίᾙ.
830 1025 963 1088 Correxi
977 1027 1053 1086 olim
1069 1027 1141 1088 coll.
1160 1027 1228 1086 κάλ
1239 1043 1321 1102 αμα·
1341 1023 1429 1106 ὄγκος
1441 1029 1525 1103 apud

246 1129 397 1190 eundem.
429 1129 499 1189 Nisi
529 1129 627 1191 fallor
655 1127 786 1205 κάλαμοι,
816 1131 1118 1198 stramentum,
1154 1128 1378 1206 metaphorice
1401 1131 1524 1190 dictum

247 1231 287 1290 de
310 1231 400 1291 inani
425 1231 524 1306 mole,
550 1231 715 1292 culmus
738 1231 829 1291 sine
853 1245 994 1306 grano.

203 1325 408 1412 nortmania,
429 1332 552 1393 festum
576 1331 703 1394 Cereris
727 1335 759 1392 et
782 1332 997 1406 Proserpinae
1021 1332 1186 1408 Eleusine,
1211 1335 1249 1393 ut
1273 1327 1354 1414 άλμοι
1378 1335 1411 1394 et
1435 1331 1525 1410 χλόϊο.

247 1433 348 1494 inser.
369 1433 440 1494 elea
456 1449 542 1496 saec.
562 1450 591 1495 a.
612 1433 645 1494 O.
666 1433 698 1493 il
719 1435 777 1491 ΕΛ
800 1434 894 1509 1890,
916 1448 947 1494 n.
961 1435 1004 1495 60
1021 1447 1073 1508 (=
1086 1427 1346 1510 Dittenb.²690),
1369 1434 1389 1494 l.
1404 1437 1424 1494 6
1437 1449 1525 1509 sqq.:

241 1527 327 1612 ‘Tisip
350 1525 393 1594 ὧν
417 1531 591 1615 ἀπαγγέλλει
611 1531 627 1594 ὁ
646 1533 797 1612 δήμαρχος
817 1531 849 1594 ἐν
863 1529 1012 1594 Ἐλευσῖνι
1032 1531 1107 1614 ὑπὲρ
1126 1543 1185 1596 τῶν
1203 1539 1333 1612 θυσιῶν,
1352 1526 1395 1596 ὧν
1415 1533 1526 1596 ἔθυσεν

246 1640 307 1707 τοῖς
329 1657 359 1695 τε
385 1631 544 1709 άλάιοις
567 1633 617 1696 καλ
640 1640 701 1708 τοῖς
725 1637 875 1714 ηλοΐοις
898 1644 951 1714 τῆς
977 1657 1007 1696 τε
1031 1635 1190 1716 Δήμητρος
1213 1634 1264 1696 καλ
1287 1645 1339 1714 τῆς
1362 1637 1453 1716 κόρης
1477 1635 1526 1696 καλ

247 1741 307 1808 τοῖς
326 1735 425 1811 ἄλλοις
443 1743 543 1816 θεοῖς,
562 1731 607 1812 οἷς
627 1738 754 1818 πάτριον
770 1729 819 1818 ἦν,
838 1735 1005 1799 συνετέλεσε
1026 1735 1058 1800 il
1078 1737 1128 1799 καλ
1148 1737 1203 1816 τήν
1220 1748 1278 1799 τῶν
1298 1740 1526 1817 καλλιμαίων

246 1838 360 1900 θυσίαν
382 1837 433 1899 καλ
453 1839 509 1918 τὴν
531 1839 656 1918 πομπὴν
680 1839 804 1901 ἔστειλεν
827 1839 902 1900 κατὰ
921 1839 956 1900 τὰ
975 1839 1085 1920 πάτρια
1107 1839 1178 1918 μετὰ
1204 1849 1257 1901 τοῦ
1277 1839 1457 1918 ἱεροφάντου
1477 1839 1527 1902 καλ

247 1949 305 2000 τῶν
328 1941 442 2016 ἱερειῶν
464 1939 521 2002 κτέ.
545 1942 591 2004 (li.
618 1941 686 2003 OIA
711 1943 742 2002 II
766 1943 838 2004 add.
864 1945 968 2004 5713
991 1946 1025 2004 et
1047 1943 1127 2004 Diti„
1152 1943 1174 2004 l.
1194 1943 1215 2004 l.
1239 1945 1307 2004 not.
1332 1945 1362 2004 6.
1387 1977 1429 1986 —
1453 1944 1525 2004 vid.

247 2043 452 2118 πληρόσια

201 2140 440 2227 Καλαμαιών,
464 2147 590 2208 mensis
613 2147 725 2208 Mileti.
746 2148 929 2208 ineenset.
950 2163 1032 2208 rom.
1054 2163 1104 2222 ap.
1124 2140 1285 2208 Diltenb.²
1301 2149 1376 2223 314,
1399 2148 1445 2206 ill
1466 2149 1522 2221 42;

248 2247 328 2307 item
352 2247 461 2322 Cyzici
485 2251 518 2309 et
542 2247 709 2310 Olbiae:
726 2249 903 2326 Μοννκχκάν
928 2251 987 2310 att.
1012 2265 1076 2310 see.
1101 2249 1267 2309 Bisschoff
1287 2249 1326 2308 de
1350 2249 1384 2308 ll.
1403 2250 1438 2309 G.
1454 2252 1491 2310 Α.

201 2342 445 2430 καλαμεσιταλ
471 2352 517 2408 ΡΒ
541 2351 649 2426 601,7
675 2351 707 2412 in
732 2351 874 2426 epistula
897 2351 1095 2426 pravissime
1117 2351 1241 2425 scripta
1264 2365 1351 2411 saec.
1372 2366 1402 2426 p.
1424 2351 1457 2410 C.
1480 2353 1523 2411 11:

248 2449 372 2528 γίνωσκε
400 2449 444 2511 ὅτι
475 2448 590 2512 δέδωκα
622 2451 874 2528 Πτολεμαίου
904 2457 1147 2528 καλαμεσιτα
1172 2448 1449 2526 άστταλίσματα
1473 2459 1525 2529 τῆς

249 2551 344 2625 οἰκίας
367 2551 408 2624 είς
430 2551 463 2613 τὸ
487 2557 667 2632 Δημητρῖον.
692 2553 942 2616 Dubitabundue
962 2555 1084 2614 conieci
1104 2576 1130 2632 μ.
1150 2551 1174 2612 ὅ.
1195 2553 1221 2612 d.
1243 2553 1417 2638 Πτολεμαίῳ
1436 2553 1525 2613 καλά·

250 2676 305 2730 μας
329 2658 416 2713 σῖτα
442 2652 719 2732 άσφαλίσματα
742 2664 793 2733 τῆς
817 2655 913 2726 οίκίας
940 2672 1014 2732 ,me
1038 2656 1167 2716 dedisse
1193 2655 1382 2716 Ptolemaeo
1403 2657 1525 2716 arietes

249 2755 472 2820 (frumentum)
498 2757 538 2818 ad
561 2757 721 2818 familiam
748 2759 1033 2818 sustentandam.’'
1059 2757 1110 2816 An
1133 2755 1400 2832 καλαμόσικολ

202 2850 363 2940 καλάμη.
388 2860 435 2916 ΡΒ
459 2861 533 2935 66],
556 2860 598 2919 20
628 2855 678 2918 κοιλ
710 2857 781 2934 μετὰ
811 2857 862 2919 τὸν
892 2857 1002 2937 χρόνον
1033 2855 1266 2934 (significatum
1288 2858 1321 2918 ln
1345 2860 1526 2932 contrecto)

250 2959 417 3038 παραδώσω
450 2959 483 3020 τὸ
517 2960 615 3039 τρίτον
645 2957 732 3038 μέρος
763 2958 823 3020 ἀπὸ
855 2957 1053 3032 ἀναπαύσεως
1083 2957 1132 3018 καλ
1155 2957 1188 3018 τὸ
1211 2957 1317 3018 λοιπὸν
1341 2955 1428 3035 μέρος
1452 2955 1526 3018 ἀπὸ

249 3061 424 3140 καλάμης
446 3069 584 3141 πυροῦ.
616 3063 723 3122 Simili
747 3063 817 3123 loco
842 3064 916 3138 olo,
939 3063 978 3122 18
1003 3064 1053 3122 est
1073 3058 1147 3120 άπὸ
1170 3059 1346 3137 καλάμης
1370 3063 1404 3120 et
1426 3061 1526 3137 893⁰

250 3159 323 3223 άπὸ
352 3163 484 3243 θράοιν
511 3163 699 3241 καλάμου.
729 3164 775 3224 Oi.
805 3165 879 3240 386,
904 3166 953 3240 10,
979 3163 1034 3224 ubi
1059 3163 1264 3224 contrahitur
1288 3161 1329 3234 είς
1352 3160 1449 3240 μάνην
1472 3160 1526 3238 τὴν

248 3273 301 3324 τοῦ
324 3261 479 3337 ἐνεστῶτος
502 3263 586 3336 ἔτους
610 3265 734 3343 σποράν.

205 3360 384 3448 καλαμία,
417 3365 461 3451 ’ll
497 3370 547 3426 PK
578 3369 609 3428 II
643 3369 715 3444 183,
737 3369 778 3428 22
810 3376 850 3438 (a.
876 3368 918 3428 88
942 3383 972 3442 p.
998 3367 1060 3442 (λ.);
1095 3363 1145 3426 καλ
1179 3364 1234 3443 τὴν
1258 3357 1354 3426 οὖσαν
1376 3365 1526 3443 καλαμίαν

250 3463 442 3544 ἀναλώσαμεν
465 3463 525 3528 κατ’
551 3467 614 3540 ίτος
638 3466 793 3541 ῗ[καστον.
809 3515 815 3527 .
830 3467 933 3540 ..τὸ]ν
957 3465 1118 3545 ἀμπελῶνα
1141 3475 1193 3546 τῆς
1216 3466 1525 3546 καλαμουργίας.

251 3569 474 3646 supplendum
498 3571 627 3631 videtur
649 3569 730 3629 κατά.

205 3664 411 3752 καλαμίθες.
442 3673 520 3733 ΗΘΒ.
544 3687 571 3733 s.
596 3687 626 3732 v.
655 3671 796 3748 καλαμίςε
830 3675 996 3750 Κερονῆται
1024 3673 1067 3744 (in
1099 3669 1214 3746 Cypro)
1245 3665 1278 3729 δὲ
1307 3669 1377 3741 τούς
1400 3669 1525 3748 μικροὺς

250 3769 377 3851 τέττιγας
400 3772 675 3850 καλαμί[ν]ιλας
699 3789 791 3849 (corr.
817 3773 977 3844 Schmidt)
1001 3775 1152 3832 καλοῦσιν.

206 3867 441 3956 καλαμίνδαρ·
481 3873 637 3946 πλάτανος.
667 3869 816 3946 Ἥδιονεῐς
843 3877 888 3938 i‘ll.
925 3874 965 3934 Η.
1002 3871 1148 3934 Meinelrs
1184 3867 1332 3944 Ἧσιονεῖς
1370 3874 1523 3949 coniecit,

251 3975 402 4036 Schmidt
418 3970 574 4047 Ἠδωνοῖς.

206 4071 381 4159 κάλαμος·
413 4073 532 4156 ὄροφος.
571 4079 662 4161 Κῷοι.
693 4078 734 4140 Η.
768 4079 858 4140 inire
895 4075 1050 4157 ὄροφος·
1091 4076 1236 4154 κάλαμος,
1273 4070 1296 4159 ᾧ
1327 4076 1523 4156 στεγάζουσιν.

251 4178 348 4240 irem.
373 4179 444 4240 vra.
469 4178 592 4257 νόμος,

207 4275 465 4364 καλαμουργλα.
490 4281 561 4342 Vid.
584 4282 765 4358 καλαμία.

206 4376 468 4466 anteponim-
509 4383 637 4461 ΐξεοιής,
679 4385 885 4462 viscator,
922 4401 1090 4461 aucepe,
1129 4383 1279 4454 Λάκωνες.
1315 4383 1355 4443 H.
1391 4382 1525 4443 Correxi

251 4488 423 4546 occentum
447 4501 504 4561 pro
527 4483 748 4565 καλαμότυπορ.

207 4579 422 4648 καλ-αοιὸία·
453 4583 534 4665 slyen
565 4584 788 4665 ἐπικαλούμενος
820 4584 962 4667 Ἀρτέμιδι
993 4585 1074 4666 παρὰ
1105 4585 1257 4646 Λάκωσιν.
1288 4586 1328 4647 Η.
1353 4585 1525 4646 Pulchri

127 4767 130 4774 .
252 4691 399 4747 cantus
422 4691 649 4750 certamen.

207 4781 406 4869 καλαρίνες*
436 4784 537 4867 ὀχετοί.
568 4789 719 4862 Λάκωνες.
744 4791 783 4852 Η.
811 4790 958 4866 cognata
988 4790 1116 4850 videtur
1142 4789 1184 4864 gl.
1209 4789 1421 4850 macedonica
1443 4789 1524 4850 eius-

252 4888 326 4950 dem
355 4891 612 4970 καλαρρογαί·
643 4891 759 4970 τάφροι.
790 4891 935 4969 Ἀμερίας,
964 4892 1044 4951 item
1075 4891 1249 4950 continens
1272 4891 1410 4966 stirpem
1435 4890 1524 4950 verbi

251 4987 327 5068 ῥεῖν,
348 4991 405 5052 sed
429 4993 598 5068 utriusque
622 4995 711 5054 vocis
734 4993 907 5068 originalia
930 4993 1077 5053 obscura.
