3608 5596
950 428 1014 486 748

321 611 459 683 σκοῑνος
480 610 588 672 forma
612 615 733 675 vitiosa
756 629 812 690 pro
837 621 955 690 σκῆνος.
980 612 1074 674 Kaib.
1099 629 1149 693 ep.
1175 613 1249 688 494,
1276 615 1305 672 3.

321 704 559 791 σκολοβρίζοιν
590 716 662 776 sive
692 709 926 797 κολαβμλζειν.
958 716 1003 776 De
1028 715 1089 778 hoc
1112 715 1211 776 verbo
1236 715 1299 776 vid.
1324 715 1490 776 Naberum
1514 717 1554 778 ad
1578 731 1641 778 cor·

364 813 480 885 ruptae
503 815 611 876 Photii
634 820 678 880 (et
701 817 792 880 Hes.)
815 817 858 892 gi.
883 815 1116 896 σκομβρλζει
1140 819 1174 878 et
1197 815 1450 894 σκομβρλσας.

322 907 485 987 σκόλλος·
509 915 629 994 κορυφὴ
652 913 671 994 ἡ
695 916 942 996 καταλελειμμένῃ
965 927 1024 978 τῶν
1047 926 1162 996 τριχῶν·
1187 913 1264 988 τινὲς
1289 912 1321 976 δὲ
1341 917 1464 994 μαλλόν,
1482 917 1642 997 πλόκαμον.

366 1015 406 1074 Η.
424 1015 516 1076 Idem
540 1019 802 1096 κοννοφόρον·
823 1019 1030 1097 σκολλυφόρον
1050 1023 1082 1080 et
1106 1016 1267 1099 ἱέρωμα·
1289 1016 1341 1076 τὸν
1360 1017 1474 1078 κόννον
1490 1019 1643 1095 Λάκωνες,

367 1113 402 1174 όν
431 1138 508 1189 τινες
538 1119 650 1195 μαλλον
674 1117 762 1198 (ἢ)
797 1120 977 1181 σκόλλον.
1010 1121 1109 1182 Plura
1143 1120 1235 1180 dabit
1264 1119 1464 1181 Thesaurus
1495 1120 1644 1182 Alcmani

366 1219 455 1278 recte
486 1218 651 1293 σκόλλος
681 1222 797 1282 tribuit
829 1223 978 1282 Schmidt
1008 1224 1142 1298 propter
1171 1221 1359 1282 evidentem
1383 1222 1514 1297 Berglrii
1537 1238 1644 1284 emen·
1767 1213 1768 1216 ’

367 1318 533 1384 dationem
558 1322 592 1382 in
615 1323 653 1382 ir.
678 1324 721 1382 44
745 1323 830 1397 (Lyr.
855 1324 904 1383 ed.
929 1324 990 1388 III)
1015 1323 1185 1384 σκόλλον
1208 1319 1281 1381 θεά
1304 1337 1363 1396 pro
1387 1323 1579 1398 σκομόνόεα.

321 1413 503 1494 σκόλοπες.
535 1422 597 1483 Tit.
630 1424 784 1500 Epidauri
814 1419 977 1486 Ditienb.²
1007 1425 1082 1500 802,
1115 1425 1156 1484 92
1189 1421 1257 1500 aspi
1286 1421 1435 1495 σκόλοπας
1464 1446 1546 1496 τινας
1576 1424 1644 1496 τοὺς

367 1513 523 1592 ὀπτίλλους
546 1519 724 1600 ἀμφέπαισε.
747 1526 820 1587 vid.
845 1524 1026 1603 ἄντομαι,
1048 1523 1348 1603 ἀπειοοοτῆρες.

324 1613 510 1701 σκόλυμος.
541 1624 654 1686 Alcaei
682 1625 721 1687 ir.
751 1629 802 1704 39,
828 1627 847 1687 6
880 1623 969 1686 όνθει
991 1624 1039 1686 καλ
1065 1626 1221 1704 σκόλυμος.
1246 1625 1292 1687 cf.
1317 1626 1451 1687 Hesiod.
1476 1627 1554 1703 Opp.
1581 1629 1642 1688 684

368 1723 401 1780 et
424 1720 541 1784 lexioa.

323 1818 533 1886 σκὸνόολλε·
557 1828 728 1908 τονθόροζε.
752 1830 846 1892 Phot.

322 1921 756 1992 oaoca=eovvoouoncion
780 1933 881 1993 Inscr.
907 1948 975 1994 coa.
1001 1933 1109 1992 Mitth.
1137 1934 1231 2008 1891,
1257 1933 1321 1992 493
1346 1949 1395 2008 sq.

324 2023 507 2104 σκόπελος.
538 2032 667 2093 Passim
699 2035 732 2094 in
756 2035 896 2095 ostracis
928 2050 998 2110 aeg.
1024 2033 1062 2094 iit
1085 2036 1210 2095 mentio
1234 2035 1273 2095 de
1297 2034 1460 2109 vectigale
1482 2035 1647 2095 destinato

368 2131 408 2190 ad
439 2131 575 2194 alendos
607 2135 805 2195 custodes
835 2136 1106 2210 specularum
1137 2136 1252 2202 (semel
1289 2136 1351 2196 497
1389 2131 1463 2213 ὑπὲρ
1494 2133 1646 2195 σκοπέλων

368 2231 523 2309 φυλάκων,
548 2233 626 2295 alibi
649 2236 734 2296 nude
758 2231 833 2314 ὑπὲρ
857 2234 1030 2296 σκοπέλων).
1055 2237 1092 2296 ΙΙΙ
1117 2237 1181 2296 240
1205 2232 1280 2314 ὑπὲρ
1304 2244 1450 2313 μερισμοῦ
1473 2235 1647 2312 οἰκοδομίας

331 2328 525 2428 Νσκοπέλου.
550 2333 596 2396 cl.
621 2335 772 2397 Wileken
797 2337 832 2398 Ο.
858 2337 894 2399 G.
921 2339 935 2397 I
960 2339 1023 2398 292
1048 2352 1096 2411 sq.

325 2419 454 2508 σκοπὸς
483 2415 579 2506 πῖζῶν
603 2438 637 2497 et
660 2435 770 2509 σκοπὸς
794 2435 910 2498 ἱππέων
935 2439 965 2501 (i.
991 2455 1018 2500 e.
1043 2437 1176 2510 τόξενσις
1199 2433 1252 2513 ἀφ’
1279 2437 1374 2499 ἵππον
1398 2435 1560 2516 τρέχοντος)
1585 2438 1646 2498 duo

367 2541 446 2598 sunt
476 2541 663 2600 certamina
689 2543 952 2602 commemorata
982 2543 1014 2602 in
1047 2541 1180 2602 Larisae
1214 2541 1337 2616 titulis,
1374 2533 1537 2600 Ditteub.²
1571 2540 1646 2614 670,

373 2641 413 2699 16
437 2653 506 2713 sqq.
531 2643 565 2700 et
588 2642 664 2718 671,
688 2643 728 2702 41
754 2657 824 2716 sqq.

325 2737 488 2821 σκόμοόοι.
517 2739 588 2802 Vid.
617 2741 746 2802 κόττα.
774 2744 821 2804 De
851 2744 1002 2818 aequiore
1029 2744 1137 2805 forma
1167 2743 1338 2821 σκόοόον
1370 2742 1434 2804 vid.
1464 2733 1648 2802 Meisterh.²

370 2843 426 2920 99,
463 2843 513 2903 13.
539 2843 674 2919 Saepius
697 2845 818 2921 legitur
841 2847 875 2906 in
899 2846 1032 2920 papyris
1056 2846 1270 2922 aegyptiacis.

325 2939 524 3026 σκομπὲμιος
553 2945 655 3020 quid?
686 2947 789 3007 Iuscr.
821 2946 892 3008 Deli
924 2945 1007 3006 BOH
1038 2947 1069 3006 ΙΙ
1100 2963 1130 3022 p.
1156 2948 1221 3008 996
1253 2945 1331 3024 [ἔχον
1356 2943 1516 3021 λ]κλσημον
1539 2960 1645 3022 σκορ

370 3043 530 3124 πέρατα.
554 3046 686 3114 (Kum.l.

325 3143 504 3228 σκοιαρλο·
528 3145 627 3224 ζόφος.
652 3148 767 3226 Ἀχαιοί.
791 3150 832 3210 Η.
857 3150 940 3210 Num
967 3149 1050 3210 forte
1074 3149 1239 3209 οκοτκλο
1261 3154 1317 3212 (sc.
1343 3147 1441 3225 lipsi?

325 3245 509 3322 σκοτεινὸς.
532 3249 624 3310 Pind.
650 3252 688 3308 Ν.
714 3250 773 3310 VII
797 3253 837 3311 61
864 3252 898 3312 et
921 3249 1050 3312 σκότει
1074 3252 1113 3312 fr.
1141 3253 1213 3327 142,
1240 3252 1258 3310 2
1283 3266 1348 3311 non
1368 3249 1495 3310 iaciunt
1513 3249 1644 3324 positio·

368 3366 459 3426 nem,
485 3352 523 3410 ut
546 3351 631 3425 apud
653 3351 837 3412 Homerum
861 3368 926 3413 nou
950 3353 1030 3412 iacit
1051 3353 1268 3432 Σκάμανδρος,
1291 3352 1402 3425 itaque
1423 3347 1443 3422 ξ
1462 3351 1521 3409 vix
1540 3349 1645 3410 audie·

371 3451 478 3512 batur.
502 3450 549 3512 ci.
574 3454 603 3510 ΙΙ
625 3468 683 3529 pro
706 3455 772 3512 ΣΚ.

325 3548 588 3634 σκοποέμεβος.
612 3554 689 3630 Pap.
714 3570 801 3630 mag.
825 3554 901 3616 bibl.
923 3557 992 3616 nat.
1016 3555 1089 3616 Par.
1111 3555 1184 3621 (W.)
1206 3556 1301 3617 1361.
1322 3554 1477 3630 Suspicor
1500 3550 1646 3612 σκοττό-

372 3655 528 3733 ρεμβος,
550 3655 591 3716 in
615 3656 801 3731 caligine
826 3671 987 3731 errans,
1014 3657 1098 3730 quod
1118 3657 1240 3732 legitur
1259 3657 1292 3716 in
1312 3655 1402 3717 Neue
1421 3655 1475 3716 Gr.
1490 3653 1645 3728 Zauberp.

373 3756 480 3818 Wess
505 3757 586 3830 3623
611 3759 661 3816 Pil
685 3759 700 3818 Ι
723 3775 752 3832 p.
778 3759 831 3836 96,
857 3774 888 3819 v.
913 3759 978 3820 354
1002 3773 1051 3832 sq.

328 3853 473 3932 σκότιος.
493 3859 564 3920 Vid.
588 3856 792 3938 ἀπάγελος.
815 3895 855 3904 -
876 3861 983 3922 Schol.
1006 3862 1029 3918 Β
1049 3861 1089 3921 ad
1108 3861 1206 3922 Hom.
1230 3863 1253 3919 Z
1274 3862 1333 3921 24:
1355 3891 1396 3902 -
1417 3855 1449 3917 τὸ
1469 3855 1525 3936 γὰρ
1542 3856 1646 3934 κύριον

372 3961 452 4024 (soil.
476 3963 506 4020 Σ
512 3961 598 4022 κοτί
605 3966 655 4034 ος)
678 3963 878 4042 παροξύνεται
894 3959 977 4042 παρὰ
995 3961 1148 4045 Πινδάρῳ.
1161 3961 1232 4022 vid.
1250 3959 1415 4036 Rumpeiii
1430 3959 1558 4020 lexicon
1577 3973 1605 4019 s.
1618 3972 1647 4016 V.

326 4060 497 4142 σκοτλτοις,
521 4066 609 4126 Iovis
633 4080 816 4140 cognomen
839 4065 873 4125 iu
897 4065 1049 4126 Laconis.
1074 4067 1171 4127 Paus.
1195 4063 1243 4123 ΙΙΙ
1269 4064 1319 4139 10,
1344 4064 1374 4122 6.

328 4163 537 4250 σκοτοειόὴς.
556 4167 633 4242 Pap.
648 4183 735 4242 meg.
749 4165 825 4228 bibl.
838 4169 906 4228 nat.
921 4167 993 4227 Par.
1008 4165 1191 4230 (1911144.
1205 4167 1326 4227 Exstat
1337 4164 1422 4240 apud
1435 4161 1648 4236 Hesychium.

327 4265 462 4346 σκότος,
492 4264 540 4330 τό.
571 4268 691 4329 Lexico
723 4268 855 4328 Schwhi
887 4269 969 4329 adde
1004 4267 1081 4328 Her.
1112 4267 1144 4326 ΙΙ
1177 4268 1265 4327 121ε
1295 4264 1327 4326 ἐν
1359 4274 1398 4348 τῷ
1429 4262 1529 4324 σκότεϊ
1555 4264 1648 4324 iuxta

372 4370 419 4430 ΙΙΙ
443 4371 485 4430 78
516 4366 548 4428 ἐν
580 4367 683 4429 σκότει.
714 4369 752 4428 Ιο
782 4369 925 4444 pedestri
957 4369 1057 4430 attico
1085 4381 1239 4428 sermone
1263 4369 1371 4429 variat
1394 4381 1471 4429 cum
1496 4362 1512 4425 ό
1535 4363 1649 4435 σκότος,

370 4487 435 4546 quo
466 4471 536 4532 solo
567 4473 706 4533 utuntur
737 4471 855 4545 tragici
878 4473 912 4530 et
934 4470 1061 4531 comici.
1088 4461 1182 4528 -Ὁ
1205 4465 1309 4544 καρὰ
1332 4477 1373 4550 τῇ
1397 4464 1487 4545 deul
1511 4464 1647 4535 σκότος

371 4573 508 4634 Prieuae
543 4575 614 4634 erat
647 4569 706 4650 ἀρὰ
739 4568 790 4630 καλ
825 4569 912 4650 όρκος
943 4569 1010 4649 erpi
1041 4579 1100 4630 τόν
1131 4568 1285 4649 μεγίστων,
1315 4569 1407 4629 cuius
1442 4581 1577 4629 causam
1608 4581 1648 4627 ex

372 4675 510 4736 historia
533 4675 652 4752 repetit
676 4674 760 4734 Plut.
787 4673 844 4749 Qu.
870 4672 923 4733 Gr.
949 4674 1000 4734 20.

328 4771 475 4838 σκοῦλοιι
499 4779 690 4842 (τοκολαιλ
714 4783 831 4852 κνῆσκι.
855 4775 895 4835 Η.
921 4775 1009 4834 Fert.
1034 4773 1077 4848 gi.
1102 4773 1259 4834 laconica.

328 4871 551 4954 excecatione,
575 4877 833 4938 scutulatus.
859 4876 1053 4936 Diocletiani
1073 4875 1234 4950 edictum,
1260 4875 1309 4935 ed.
1331 4874 1482 4934 Momms.
1503 4870 1579 4931 XVI
1595 4871 1645 4932 48.

373 4977 443 5039 Vid.
468 4995 516 5052 eq.
543 4995 612 5040 voc.
