3662 5606
931 423 994 482 396

301 595 582 686 (ἣιοβλὲφαρος.
600 606 978 681 AddeBacchyl.VIl13
1000 606 1145 667 (Μουσᾶν
1164 627 1196 685 γε
1216 605 1414 686 ιὀβλεφοὶρων)
1435 607 1468 665 et
1481 604 1620 664 livino

346 703 501 782 (Χάριτες).

302 799 378 867 tolet
401 807 432 872 (i.
453 823 480 868 e.
505 807 587 887 ἰοίην)
608 835 650 860 =
669 810 711 870 ἴοι
738 811 771 870 in
795 812 846 872 tlt.
871 812 1019 872 trozenio
1043 826 1129 872 saec.
1155 827 1184 871 a.
1209 809 1243 870 O.
1264 810 1292 868 V
1314 809 1456 870 extremi
1480 823 1530 883 ap.
1555 806 1620 866 Dit-

345 901 452 968 tenb.²
475 911 549 988 792,
565 915 595 973 5.

300 1003 508 1084 ἒιόκολαος.
533 1013 646 1075 Alcaei
669 1015 708 1075 ir.
733 1016 786 1075 63.

299 1105 416 1185 Ἰόλας
440 1113 548 1175 dorice
561 1109 725 1186 =’io'la09
748 1115 839 1176 Pind.
864 1117 903 1173 N.
923 1116 970 1174 111
990 1117 1042 1191 ai,
1068 1118 1105 1175 ut
1124 1111 1261 1186 Μενέλας
1282 1115 1410 1188 aliaque
1430 1115 1463 1174 iu
1482 1117 1561 1183 λαος.
1582 1145 1621 1153 -

344 1210 539 1287 irritasse
575 1215 718 1278 corinth.
753 1216 806 1278 GD
831 1218 928 1277 3133.
960 1217 1069 1277 Etiam
1100 1216 1185 1291 apud
1212 1216 1390 1277 Pindarum
1414 1216 1475 1276 hoe
1502 1228 1624 1275 nomen

346 1316 463 1386 quater
486 1317 611 1378 orditur
634 1333 654 1379 a
677 1319 891 1394 digammate.

303 1409 495 1476 ίὲὁν-τὲν.
520 1418 591 1480 Vid.
615 1418 653 1478 ἴα
677 1423 711 1481 et
733 1419 851 1480 ἴττον.

303 1509 367 1576 ἴον.
401 1517 496 1579 Kaib.
529 1535 578 1595 ep.
610 1522 673 1582 547
688 1537 721 1597 a,
748 1523 783 1582 1:
814 1521 855 1593 εἰς
881 1520 913 1580 ἴα
936 1537 992 1581 ooo
1024 1554 1057 1562 -
1083 1518 1133 1580 καί
1162 1519 1204 1592 εἰς
1227 1519 1315 1598 κρίνα
1338 1518 1535 1598 βλαστείοειεν
1557 1517 1626 1586 (sic)

348 1611 444 1693 ὀστέα,
466 1621 503 1680 ut
525 1636 623 1697 saepe
647 1622 725 1682 alibi
748 1622 779 1682 ἴα
802 1625 837 1683 et
859 1621 946 1700 κρίνα
970 1637 989 1683 a
1012 1622 1119 1698 poche
1143 1623 1395 1696 coniunguntur.

303 1711 549 1780 iovoa=orieo
573 1724 741 1785 creticum.
766 1725 834 1786 Del.
863 1725 935 1800 132,
951 1725 1002 1784 21.
1028 1723 1099 1784 Vid.
1124 1717 1236 1783 εἶναι.

304 1815 456 1882 lirano.
482 1821 552 1883 Viri.
578 1823 757 1904 ἰωνάνερ.

304 1916 481 1984 frisione
507 1959 547 1968 —
571 1927 705 2002 Σάπφοι.
730 1927 842 1988 Alcaei
861 1927 899 1988 ir.
921 1929 974 1988 ot.
994 1926 1115 1987 Eodem
1137 1926 1296 1987 vocabulo
1316 1925 1531 1999 Bacchylides
1547 1938 1628 1982 usus

350 2025 402 2083 eet
425 2023 500 2084 VIII
525 2028 577 2088 72.
601 2028 677 2087 XVI
701 2030 741 2089 37
768 2031 802 2090 et
824 2029 966 2089 fortasse
990 2028 1036 2086 ΙΙΙ
1060 2029 1112 2088 71.

306 2122 370 2200 rog
393 2126 584 2189 terminatio
613 2129 851 2191 adiectivorum
872 2129 1052 2190 thessalica
1071 2132 1123 2191 (ex
1146 2130 1204 2200 εἷς)
1223 2146 1282 2206 pro
1306 2133 1366 2191 att.
1390 2126 1474 2200 ιν“Τς
1498 2132 1533 2188 et
1552 2127 1627 2198 ὀ-νξ.

350 2227 422 2288 Vid.
445 2226 590 2306 λίθιος,
612 2229 782 2308 pollutos,
803 2230 973 2309 χρύσιος.

307 2330 358 2408 ιο“ς
380 2331 572 2392 terminatio
595 2331 706 2392 dorice
729 2347 817 2392 nom.
837 2331 1043 2407 propriorum
1067 2346 1124 2406 pro
1143 2319 1227 2408 ari—05
1247 2335 1285 2392 ut
1310 2329 1461 2408 Θέτιος,
1479 2329 1629 2408 Πάριος

350 2435 412 2494 etc.
438 2431 483 2494 Ol.
507 2432 638 2493 Ahrene
661 2432 692 2492 II
717 2434 780 2493 232
802 2448 850 2507 eq.
866 2433 1005 2493 —Item
1028 2435 1201 2495 nominum
1225 2435 1430 2510 propriorum
1455 2431 1489 2492 in
1512 2432 1548 2509 ἧξ
1571 2445 1630 2505 pro

351 2533 412 2610 εὀξ,
444 2533 537 2594 velut
568 2533 788 2612 Μενεκράιιος,
817 2535 876 2595 sed
906 2533 1025 2595 Rhodii
1055 2538 1192 2596 servant
1220 2537 1268 2610 ἆνξ
1292 2538 1349 2596 aut
1373 2533 1574 2596 contrahunt
1596 2533 1630 2592 in

351 2637 411 2708 εἷς.
438 2635 590 2695 -Item
624 2636 797 2696 nominum
829 2634 1104 2711 appellativorum
1135 2637 1168 2698 in
1198 2638 1225 2706 ῖς
1257 2639 1340 2715 apud
1372 2637 1484 2712 Iones,
1509 2634 1629 2708 Dones,

352 2738 485 2814 Aeoles,
510 2740 547 2798 ut
570 2736 672 2808 πόλιος
686 2761 728 2787 =
740 2736 862 2810 πόλεως.

308 2838 372 2916 ἰός·
396 2837 490 2919 βέλος.
514 2837 661 2917 Κυπρίων
685 2840 740 2898 ΒΑ
766 2839 867 2916 1095,
892 2841 931 2900 ut
953 2840 1100 2900 Homeri.

308 2939 375 3023 ἰὸς,
404 2955 568 3015 aerugo.
600 2932 761 3000 Dittenb.²
787 2941 927 3016 139,18,
951 2941 1048 3002 inser.
1074 2941 1149 3002 chia
1170 2958 1255 3004 saec.
1280 2959 1309 3003 a.
1334 2941 1367 3001 O.
1393 2940 1438 3000 IV
1461 2939 1629 3000 exeuntis:

354 3043 434 3114 ὅπως
470 3037 502 3100 δὲ
533 3038 669 3119 καθαρὸς
697 3039 746 3099 Ino
778 3038 858 3100 ἔσται
889 3037 905 3100 ὃ
936 3039 1060 3120 ἀνδριάς
1085 3077 1126 3084 -
1151 3040 1354 3120 ἐπιμελεῖσθαι
1385 3039 1454 3106 τοὺς
1482 3037 1630 3118 ἀγορανό-

353 3167 442 3222 μους,
461 3141 546 3203 unde
566 3142 685 3202 merito
705 3141 810 3202 editor
823 3142 932 3204 effecit
954 3142 1117 3218 „nobilem
1136 3145 1341 3221 aeruginem,
1363 3157 1461 3217 quam
1475 3140 1632 3216 aequales

353 3247 458 3308 nostri
481 3244 697 3318 admirantur,
723 3243 891 3304 veteribus
913 3244 1155 3319 displicuisse’.

309 3343 517 3429 ἰοστέφανος.
537 3345 629 3406 Adde
648 3345 799 3419 Bacchyl.
820 3345 867 3404 ΙΙΙ
891 3347 921 3406 2.
939 3345 967 3405 V
987 3346 1017 3406 3.
1038 3345 1101 3405 XII
1124 3348 1262 3424 122131,
1281 3347 1421 3423 Cereris,
1446 3347 1630 3418 Musarum,

353 3448 501 3508 Thetidis
524 3446 704 3522 epitheton.

309 3546 598 3624 θιότατιτοοίο.
623 3546 723 3624 ἰότητι.
747 3547 887 3609 Alcman
911 3549 950 3609 ir.
977 3550 1028 3610 13.

312 3653 387 3710 101
406 3651 531 3726 passim
556 3665 613 3725 pro
638 3651 674 3711 oi
697 3649 768 3709 sive
791 3645 809 3708 i
833 3652 908 3724 post
932 3653 960 3708 A
983 3653 1016 3711 et
1037 3651 1071 3709 N
1087 3653 1121 3710 et
1140 3651 1290 3712 dentalee
1309 3650 1451 3711 occurrit
1471 3650 1504 3709 in
1524 3648 1633 3709 titulis

355 3751 522 3812 boeoticis.
546 3751 618 3812 Vid.
643 3751 775 3812 Meister
798 3751 813 3808 Ι
838 3751 913 3812 232.

312 3850 419 3916 ἱοοιοο
433 3875 474 3901 =
488 3846 561 3914 οἱοῦ
585 3852 740 3914 boeotice.
766 3852 820 3913 (lD
845 3853 920 3913 382.

312 3949 441 4028 ἴουλος.
465 3954 556 4014 Adde
577 3954 717 4016 Herond.
738 3955 753 4014 I
774 3955 815 4015 52
837 3953 881 4024 οἷς
901 3948 928 4013 δ’
955 3951 987 4013 ἕν
1011 3954 1156 4039 Κορίνθῳ
1176 3955 1278 4016 (νικῶν
1297 3956 1354 4016 sc.)
1378 3950 1468 4024 τούς
1492 3950 1634 4012 ἴουλον

357 4053 600 4131 ἀνθεοννας,
622 4057 678 4131 qui
701 4059 909 4131 opponuntur
931 4059 991 4128 τοῖς
1015 4053 1167 4135 ἀγενείοις.

313 4151 431 4231 ἴουλος
453 4157 850 4228 Ιοοοοὶοοεπονλύπννς.
876 4159 942 4216 ΕΜ
968 4159 1108 4234 111,10.
1134 4157 1232 4219 Orion
1258 4159 1310 4234 76,
1327 4159 1377 4217 10.

314 4253 526 4340 ἱοολοφορος.
558 4259 659 4320 Inscr.
691 4261 787 4320 metr.
818 4258 1071 4320 Thessalonicae
1104 4258 1278 4336 „hiemoire
1309 4259 1406 4319 d’une
1429 4255 1568 4317 misaion
1592 4271 1635 4316 au

358 4361 452 4419 mont
474 4359 612 4436 Athos”,
636 4377 666 4436 p.
692 4361 750 4421 23:
774 4358 851 4437 ἀμφί
874 4359 965 4439 γένυν
988 4360 1105 4438 χνοάων
1126 4368 1244 4438 πρῶτον
1267 4356 1458 4434 ίονλοφόρον.

315 4456 467 4522 immola·
496 4459 607 4539 γαστήρ
636 4459 717 4538 παρὰ
750 4461 952 4540 Ταραντίνοις.
976 4462 1015 4523 Η.
1044 4462 1078 4521 Si
1100 4459 1211 4540 γαστήρ
1234 4475 1354 4521 sanum
1379 4462 1444 4536 esi,
1470 4458 1634 4534 explican-

359 4563 437 4622 dum
468 4563 597 4624 videtur
628 4565 790 4624 ventris
825 4563 1090 4639 exoneratio,
1122 4563 1194 4624 coll.
1226 4561 1313 4633 ἰννός
1334 4583 1375 4608 --
1396 4559 1518 4638 conpeta
1549 4562 1635 4636 apud

359 4663 614 4737 Aristophanem
645 4665 678 4724 in
710 4664 817 4726 cocali
848 4667 886 4726 ir.
918 4664 964 4726 Oi.
996 4665 1073 4726 Hae.
1098 4680 1125 4725 s.
1150 4679 1180 4725 v.
1213 4663 1307 4735 ἰννός.
1332 4663 1395 4724 sed
1419 4661 1489 4724 ileri
1512 4665 1634 4740 potest,
1708 4729 1710 4734 ,

360 4765 399 4825 ut
420 4763 466 4825 sit
488 4764 703 4840 depravatum
726 4782 768 4827 ex
791 4763 915 4845 ἀρννσία
939 4767 1083 4827 similive
1106 4765 1277 4827 vocabulo.

317 4859 408 4946 ίπνή·
452 4862 582 4940 ἔφιππος.
622 4867 750 4926 Σικελοί.
784 4867 825 4928 Η.
860 4867 1062 4929 Vocabulum
1098 4867 1150 4928 vel
1191 4868 1323 4942 propter
1364 4867 1636 4928 terminationem

360 4968 561 5040 suspectum.
586 4968 681 5028 Latet
703 4967 813 5038 nescio
837 4969 921 5042 quod
946 4984 1015 5030 voe.
1040 4967 1080 5028 ab
1103 4968 1224 5029 litteris
1247 4967 1304 5028 r'rffi
1327 4967 1495 5044 incipiens.
