3678 5614
858 439 921 498 485

273 645 315 672 =
335 625 443 698 λαλεῖν,
471 621 558 696 quod
588 621 627 682 de
658 619 887 681 hirundinibus
917 619 1051 682 adhibet
1074 620 1175 682 etiam
1198 621 1369 681 Anacreon
1393 622 1423 696 9,
1446 622 1476 681 2.
1500 619 1548 681 cf.

274 723 411 784 Aristot.
435 723 477 784 Η.
501 724 539 784 Δ.
564 723 595 800 Ι,
624 725 639 784 1
666 724 750 784 extr.

229 818 328 887 κῶττι
347 849 389 874 =
408 821 459 884 καί
490 821 534 884 ὅτι
564 825 695 900 Sappho
721 826 748 901 1,
777 825 827 902 15,
861 826 895 886 et
924 817 1004 884 κῶττ’
1032 839 1080 886 vs.
1108 825 1146 884 17
1172 838 1247 884 cum
1272 822 1408 884 elisione
1432 821 1548 884 vocalii

273 925 391 986 finalis.
416 926 487 987 Vid.
512 921 620 997 ἄττις.

229 1021 326 1090 κούκ
340 1026 469 1088 :uode
492 1028 614 1090 aeolice
638 1027 768 1104 Sappho
794 1031 822 1103 1,
848 1030 900 1090 24.

229 1122 611 1192 κοιῦιτακα.τκοίννονε.
635 1130 821 1207 Epicharmi
845 1129 883 1191 fr.
909 1133 961 1206 94,
990 1132 1039 1191 18.
1064 1130 1143 1191 Ahr.

229 1235 361 1315 κορᾶν.
382 1231 604 1294 Callimachus
620 1233 653 1293 in
674 1247 760 1294 novo
779 1233 918 1294 Hecales
936 1233 975 1294 fr.
997 1233 1056 1294 col.
1070 1232 1113 1293 IV
1129 1233 1183 1292 15:
1204 1228 1359 1303 ἀνιάζοντι
1371 1221 1546 1312 ὀὲννκνὸνλ

273 1333 368 1410 δμῶοι
389 1338 512 1413 χαλκῆες
535 1333 713 1410 κωφώμενοι
736 1335 789 1396 (an
811 1334 1031 1412 κωφώμενανλλ
1054 1331 1143 1393 ἔνδον
1166 1330 1290 1411 ἀκουήν.
1314 1332 1385 1392 Vid.
1409 1331 1526 1393 lexica.

229 1433 360 1520 καρίς,
383 1437 546 1498 ellectu
570 1451 732 1498 carens.
758 1435 886 1498 Novum
907 1437 1071 1513 Euripidis
1090 1437 1127 1496 ir.
1148 1437 1223 1512 495,
1239 1437 1279 1496 27
1297 1426 1393 1495 Ναὶς.2
1411 1428 1497 1510 ἡμῶν
1517 1427 1544 1492 δ’

273 1535 372 1615 ἐχώρει
394 1535 482 1614 κωφὰ
505 1535 579 1616 πρὸς
603 1542 693 1618 γαῖαν
717 1534 796 1617 βέλη.

767 1801 1006 1809 ———-—-—

762 2004 832 2120 Λ.
853 2051 1014 2138 repeto.

228 2247 259 2301 A
278 2247 396 2304 =AA
418 2257 516 2320 saepe
533 2244 565 2303 in
588 2242 693 2304 titulis
712 2243 981 2318 antiquissimis,
1004 2259 1033 2303 v.
1055 2258 1081 2304 α.
1105 2239 1210 2318 iiior,
1233 2239 1347 2318 ἄλως,
1370 2237 1544 2315 κτίλον,

272 2343 446 2405 Ἀννάλιον.

228 2451 258 2506 A
281 2447 401 2508 aeolice
424 2447 612 2522 geminatur
634 2447 669 2507 in
691 2443 848 2523 κέδνλλα,
871 2443 1043 2523 ὅμιλλος,
1069 2447 1145 2508 sim.
1172 2447 1239 2504 ΕΜ
1262 2446 1338 2520 658,
1364 2447 1416 2504 55.

228 2553 259 2608 A
294 2549 412 2610 cretica
445 2564 503 2624 pro
538 2549 623 2608 Pin
657 2546 816 2632 αίλεθῇ,
849 2545 1121 2626 descipiens,
1155 2543 1438 2617 ἐναιλεθὲντος
1472 2547 1545 2620 etc,

270 2649 376 2724 λᾶκη.
403 2683 442 2694 -
468 2648 515 2711 cl.
538 2647 750 2729 ττληρίσια,
773 2650 988 2729 Κλωττίᾶης.

227 2755 257 2810 A
281 2751 454 2812 confusum
478 2767 553 2813 cum
577 2752 599 2809 ί
623 2753 707 2828 apud
732 2753 936 2827 Hesychium
960 2753 1031 2814 Vid.
1056 2751 1243 2828 λάδομαι,
1264 2750 1400 2831 λάθρα.

225 2856 256 2911 A
279 2853 311 2912 in
336 2854 370 2912 N
399 2868 609 2928 conversum,
639 2854 723 2930 apud
754 2854 881 2915 Siculos
911 2853 1107 2930 praesertim
1137 2856 1171 2914 et
1194 2853 1226 2914 in
1251 2852 1387 2914 Graecia
1409 2866 1544 2926 magna,

269 2956 308 3014 ui
342 2950 515 3032 βίντιον,
548 2930 693 3033 ἧνᾶον,
727 2961 975 3034 concoctos,
1009 2949 1183 3035 βίντισθ’
1216 2955 1362 3028 (Theou.
1395 2954 1422 3011 V
1455 2953 1544 3026 776),

268 3051 397 3133 κέατο,
419 3055 627 3136 φίντατος,
652 3056 800 3133 Φίντις,
826 3056 992 3128 Φιντίας
1016 3058 1078 3118 etc.
1103 3090 1144 3099 -
1170 3056 1242 3118 vid.
1267 3059 1368 3117 etlam
1392 3058 1545 3133 χαλῶσα

269 3161 302 3219 θλ
325 3155 512 3238 ἒγχαλεῖν.

226 3264 287 3317 AA
310 3261 531 3320 assimilatum
556 3275 597 3320 ex
620 3263 680 3319 ΣΛ
703 3261 788 3336 apud
812 3259 986 3321 Cretenses
1010 3261 1043 3320 in
1067 3261 1130 3321 Le.
1155 3258 1202 3320 cf.
1227 3260 1399 3316 AA=PA
1422 3260 1456 3317 et
1476 3258 1546 3328 ΣΔ,

272 3362 325 3420 ΘΘ
344 3385 385 3410 =
406 3361 470 3421 ΣΘ.
501 3362 572 3424 Vid.
604 3364 741 3437 Boisacq
771 3378 801 3437 p.
832 3363 902 3422 131.
931 3361 1057 3423 -Ubi
1089 3363 1121 3421 in
1151 3361 1281 3421 creticis
1312 3359 1419 3420 titulis
1455 3357 1545 3432 prius

269 3462 464 3524 vocabulum
488 3463 601 3525 finitur
623 3463 720 3525 litera
742 3467 784 3541 Σ,
807 3479 949 3538 sequens
973 3464 1099 3524 orditur
1122 3462 1162 3523 ab
1186 3465 1225 3521 A.

225 3567 250 3626 L
274 3565 396 3640 sigium
427 3563 798 3642 aegyptiacum=iio;.
830 3565 955 3626 'Pherae
987 3564 1059 3640 IGI,
1089 3564 1137 3624 111
1161 3565 1236 3640 327,
1265 3565 1336 3623 144.
1365 3563 1444 3636 1453
1470 3561 1544 3636 331,

273 3668 479 3728 15.16.44.

226 3753 395 3835 [omi-oo
418 3774 451 3834 in
476 3773 727 3850 compositione,
752 3776 789 3834 ut
812 3773 970 3852 Λάμαχος,
995 3770 1132 3844 Μενέλας
1158 3775 1219 3834 etc.

225 3871 328 3956 λᾴαν·
352 3883 463 3952 κτῆσιν.
488 3877 612 3954 Δωριεῖς
635 3871 683 3934 trel
706 3882 757 3951 τῆς
780 3874 867 3946 λείας.
893 3875 933 3936 H.
948 3876 1066 3937 =i0n.
1090 3876 1215 3952 ληίην.
1239 3875 1372 3948 Legitur
1396 3873 1486 3931 Pind.
1510 3872 1542 3928 Ο.

257 3977 298 4048 ¹X
321 3979 374 4036 44.
400 3975 447 4038 Of.
472 3974 674 4058 λᾴζεοθαι,
697 3975 848 4058 λφστᾶς.

223 4071 320 4158 λάβοι
342 4076 608 4157 aeolice=iepvi
631 4077 912 4154 manubrium,
947 4078 1135 4153 capulus.
1167 4077 1279 4140 Alcaei
1309 4077 1348 4136 ir.
1374 4079 1393 4135 3
1421 4071 1544 4148 ἐλεφαν-

267 4177 352 4238 τίναν
375 4178 471 4258 λᾶβαν
495 4186 535 4237 τῶ
558 4178 658 4256 ξίφεος
682 4175 861 4257 χροσοδέταν
885 4177 967 4258 ἔχων.

224 4275 336 4363 λαβὴ,
370 4295 482 4341 ansa.
519 4279 597 4342 Lex.
630 4263 852 4341 Sabbafticum
884 4283 914 4356 8,
950 4283 1004 4342 1οι
1039 4277 1217 4357 ἄφυκτον
1248 4278 1381 4358 λαβήν·
1413 4275 1428 4338 ὁ
1458 4274 1545 4358 λόγος

267 4377 402 4458 ἐναργής*
424 4389 570 4459 τροπικῶς
594 4377 653 4441 ἀπὸ
677 4389 736 4440 τῶν
754 4387 924 4442 παλαιστῶν
944 4381 1117 4460 Νικοχάρης
1135 4383 1292 4450 (comicus
1313 4381 1352 4442 cf.
1366 4382 1390 4456 Ι,
1405 4381 1470 4442 770
1483 4379 1544 4447 K.)-

268 4476 342 4539 ἄλλ’
369 4480 590 4560 είλήμμεθα
610 4476 614 4562 Ι
635 4481 764 4562 λαβὴν
788 4480 980 4558 ἄφυκτον.

223 4575 351 4664 λάβον,
396 4583 614 4659 imperativus
655 4600 706 4660 ap.
754 4587 1001 4660 Syracusanos?
1048 4585 1120 4646 vfd.
1166 4583 1389 4664 λαμβάνειν
1434 4588 1468 4646 et
1505 4586 1545 4647 ci.

268 4680 422 4762 ἄντλον,
445 4684 573 4764 θίγον.

222 4778 434 4867 λαβύρινθος
463 4801 701 4862 „permagnum
733 4787 916 4850 aedificium
951 4789 1075 4849 Romae
1105 4790 1296 4848 extructum
1320 4789 1486 4850 sumtibus
1510 4790 1545 4865 Q.

267 4887 341 4947 Iulii
373 4887 472 4950 Mileti
504 4889 620 4966 Ionici‚
653 4891 786 4952 natione
818 4890 1005 4966 Phoenicis,
1038 4890 1119 4950 civis
1150 4889 1342 4965 Tripolitani
1368 4892 1411 4952 (in
1442 4891 1544 4966 Asia),

267 4989 329 5049 viri
349 4989 519 5067 ditissimi,
541 4990 725 5066 imperante
745 4992 878 5068 Severo,
899 4993 1041 5053 fortasse
1060 4993 1261 5055 theatrum”.
1278 4993 1392 5054 Kaibel
1406 5009 1455 5069 ep.
1469 4994 1544 5054 920.
