3608 5596
962 413 1025 480 724

373 599 393 685 ἢ
427 601 564 688 ὀμμὲνων
595 604 655 668 ἀπὸ
685 617 737 680 τᾶς
766 607 862 688 χώρας
894 603 926 667 ἐν
957 611 1020 678 ταῖς
1051 603 1339 684 ἆνειιιβασίαις
1369 602 1429 667 ὀιιιό
1460 611 1514 686 τᾶγ
1544 612 1650 670 κοινᾶν

374 709 520 770 medici
543 719 596 768 τᾶν
620 707 733 770 ἐκτῶν
756 709 909 771 θυννείων
931 706 1117 787 ἐπιλυθῆμεν
1140 712 1201 780 τοῖς
1232 705 1564 788 ἔρρυτιασμένοις
1592 710 1650 780 (iia

373 812 478 872 editor
500 827 558 888 pro
582 813 704 874 tradito
728 812 798 884 τοὺς
821 809 1079 890 ἕρρυιιασμὲνους)
1104 810 1218 870 στασί
1224 833 1267 870 αν
1291 809 1365 871 ὅκα
1384 806 1474 891 pipp
1493 806 1508 870 ὁ
1528 807 1648 892 λόγοςδ

372 912 462 990 ταμία
484 910 643 986 Φιλοκλέος
666 911 716 974 καί
738 918 799 986 τοῖς
819 913 953 992 σώμασιν
971 917 1032 985 τοῖς
1056 910 1315 999 ἀτιομιραχθεῖ
1320 928 1382 971 σιν
1405 910 1466 973 brad
1484 920 1547 990 τῶμ
1563 916 1647 972 κολε-

372 1014 493 1094 μοίρχων
522 1014 749 1096 Ἀρτεμιδώρου,
778 1015 918 1095 Πύρρωι,
947 1014 1109 1090 Θεοδόταν,
1134 1011 1258 1075 ἑκάστων
1282 1012 1414 1092 δραχμὰς
1438 1013 1590 1086 διακοσίας
1611 1010 1646 1087 ἃς

375 1116 531 1195 Τροζοίνιοι
562 1117 712 1194 νομίζοντι
741 1115 791 1176 καί
821 1115 857 1176 τὰ
886 1116 978 1196 χωρία
1008 1115 1059 1176 καὶ
1089 1115 1140 1189 τὰς
1170 1115 1267 1188 οἰκίας
1295 1114 1368 1176 ὄσσα
1391 1113 1451 1177 ἐστὶ
1474 1113 1645 1195 ἐρρυτια-

372 1216 496 1294 σμένα
524 1215 585 1279 ὖιιδ
608 1227 659 1290 τᾶς
682 1217 786 1290 πόλιος
809 1215 962 1295 ἀποδόμεν
985 1222 1046 1290 τοῖς
1076 1213 1424 1298 ίρρυτιασμὲνοις,
1454 1214 1645 1290 ὀκνίύσαντας

372 1317 432 1380 ἀπὸ
463 1329 517 1400 τᾶγ
545 1327 651 1380 κοινᾶν
681 1317 828 1380 acridae
857 1323 919 1392 τοῖς
948 1315 1147 1396 πευεμμίνοις
1176 1341 1204 1379 τι
1233 1327 1293 1379 τῶν
1324 1316 1644 1398 ἕρρυτιασμίνων

369 1419 429 1481 ὑπὸ
448 1430 500 1494 τᾶς
522 1420 634 1494 πόλιος.
657 1419 714 1480 mi.
735 1422 816 1484 Vide
836 1421 973 1482 editoris
990 1421 1034 1482 Le
1054 1420 1163 1482 Grand
1184 1421 1462 1483 commentarium
1483 1422 1524 1483 ad
1539 1421 1645 1482 iocum

368 1522 611 1584 difficillimum.

324 1618 432 1706 ρυτός,
464 1621 582 1686 b=rd
614 1623 712 1704 ῥυτόν.
739 1625 951 1687 Philodemus
974 1626 1014 1687 de
1037 1626 1122 1686 rhei.
1146 1641 1176 1701 p.
1202 1626 1278 1700 319,
1305 1625 1345 1686 16
1370 1624 1470 1686 Sudh.
1494 1631 1553 1684 τῶν
1575 1643 1643 1684 νεα

367 1724 459 1806 τέρων
488 1724 572 1798 τινδις
602 1724 677 1806 πρὸς
700 1725 796 1805 αὐτὴν
820 1726 1032 1809 ζη[λ]ο[τνιιίρι]
1058 1723 1187 1806 στρέφου
1206 1723 1269 1786 ἐπὶ
1292 1725 1358 1785 τὸν
1384 1723 1643 1802 [σοφι]σιικδν

367 1825 584 1905 ῥυτὸν.....
609 1827 655 1890 of.
680 1828 772 1891 Diod.
798 1829 860 1890 Sic.
885 1829 948 1889 XX
972 1831 1025 1891 63.

322 1924 450 2012 ῥοφεῖν·
482 1928 513 1990 τὸ
544 1928 658 2009 ῥοφεῖν.
683 1925 844 2004 Ἱππῶναξ.
873 1931 968 1992 Phoi.
1000 1930 1147 1991 Eandem
1177 1930 1320 1992 formem
1350 1929 1508 2004 praebent
1531 1929 1644 2005 optimi

366 2033 440 2092 libri
471 2033 695 2108 Hippocratis,
728 2033 784 2108 qui
815 2033 909 2093 iuxta
939 2033 1025 2094 hanc
1055 2048 1153 2107 saepe
1178 2035 1317 2108 usurpat
1338 2029 1572 2110 ρυμφάνειν.
1595 2029 1641 2090 01.

366 2133 756 2196 Hoffm.111289.Vid.
784 2136 811 2192 Y
830 2150 888 2210 pro
915 2135 948 2192 0.
973 2133 1019 2194 Cf.
1045 2131 1179 2211 ῥύψυι.

322 2229 398 2320 ῥὸψ.
423 2236 495 2297 vid.
518 2232 634 2315 ὀρυψ.
914 2248 919 2260 ’

322 2331 437 2422 ῥὸψαι·
463 2371 503 2383 -
529 2336 671 2416 ῥοφῆσαι.
695 2337 735 2398 H.
756 2338 785 2397 A
809 2337 910 2399 verbo
934 2335 1264 2416 ὀόφεινερυφεῐν,
1286 2353 1316 2412 q.
1342 2353 1373 2397 v.

322 2435 482 2521 ρωβίόας.
507 2439 578 2500 Vid.
604 2455 630 2499 S.
656 2455 687 2498 v.
713 2436 1088 2518 μικκιχιδδομίνωυ.

321 2535 480 2623 pordes),
504 2545 669 2617 rogatu,
694 2556 766 2617 pap.
791 2545 855 2602 aei.
880 2541 952 2616 byz.
976 2542 1109 2602 Archiv.
1134 2541 1156 2602 f.
1181 2541 1353 2618 Papyrusf.
1378 2556 1408 2616 p.
1436 2541 1509 2602 161.

320 2637 453 2722 perdide·
477 2640 528 2702 τὸν
552 2639 686 2721 ἐρωδιόν.
708 2643 749 2703 H.
774 2643 991 2719 Hipponactis
1014 2644 1053 2704 fr.
1079 2645 1132 2704 63.

319 2738 475 2824 ῥώθῠνες
498 2745 551 2808 i=
565 2742 726 2824 δώθωνες1·
750 2752 905 2822 μυκτῆρες.
930 2745 971 2805 Η.
998 2745 1139 2806 Aeolide.

319 2841 496 2926 ῥωιστικός
524 2847 624 2922 quid?
657 2847 706 2906 ΡΟ
730 2847 761 2906 ΙΙ
785 2847 849 2908 234
874 2845 897 2906 O
920 2847 952 2906 II
976 2849 995 2907 ὃ
1019 2845 1188 2926 καστορήου
1211 2843 1262 2906 καί
1286 2843 1424 2924 μηκωνία
1447 2843 1514 2904 ἴσον
1537 2841 1640 2920 φώσας

363 2942 411 3006 ἐπ’
436 2943 583 3025 ὀστράκου
607 2946 732 3026 μάλιστα
756 2944 810 3024 μὲν
834 2951 978 3024 Ἀττικοῦ,
1000 2947 1027 3008 εί
1050 2944 1082 3008 δὲ
1106 2946 1162 3025 μή,
1185 2945 1352 3027 ρωιστικοῦ.
1376 2947 1447 3008 Non
1472 2945 1617 3021 expedio.

317 3044 457 3113 Ῥώκιοι
480 3049 565 3112 Cret.
591 3050 660 3112 Del.
688 3051 783 3126 1273,
809 3051 844 3123 4;
871 3049 966 3110 iuxta
984 3044 1159 3109 Ῥαύκιοι
1183 3049 1306 3110 ibidem
1333 3051 1361 3109 1.
1387 3049 1417 3108 2.
1443 3049 1473 3108 6.
1502 3048 1551 3107 12.

319 3145 488 3234 ρώκομαι·
523 3147 690 3232 ὀργίζομαι,
727 3155 888 3228 λυιτοῦμαι.
930 3149 1083 3222 Λάκωνες.
1122 3185 1161 3196 -
1197 3150 1368 3230 ῥώκωσα·
1408 3147 1539 3228 ιιρίουσα
1571 3144 1641 3217 τοὺς

363 3249 496 3324 ὀδόντας.
521 3254 560 3314 Η.
586 3253 633 3316 Cf.
657 3252 807 3333 ῥώχειν·
831 3252 952 3331 βρύχειν
974 3255 1036 3323 τοῖς
1059 3247 1173 3312 ὀδοῦσι.

317 3350 494 3438 Ῥωμαῖα,
518 3355 606 3417 iudi
629 3355 819 3431 Romani,
844 3355 971 3430 passim
994 3353 1028 3413 in
1051 3353 1160 3415 bibulis
1183 3355 1321 3430 graecis.

317 3451 502 3539 ῥωμαλέος
524 3459 685 3518 ionice:
699 3455 826 3536 ἰσχυρός.
851 3455 927 3516 Her.
954 3456 1002 3515 III
1027 3456 1068 3515 22
1096 3454 1321 3534 ῥωμαλεώτεροι
1344 3453 1442 3515 ιιὲδαι.

317 3554 495 3640 paredros.
518 3592 561 3602 -
586 3556 786 3637 ἐρρῶσθαι
806 3573 846 3617 σε
869 3555 987 3632 (ὑμᾶς)
1012 3553 1191 3635 εὔχομαι,
1220 3558 1366 3619 formula
1389 3557 1584 3633 aegyptiace
1605 3555 1638 3614 in

269 3675 273 3686 ·
362 3662 522 3736 epistulis.
551 3661 637 3722 reri
663 3661 736 3737 117,
763 3661 820 3734 νυ
847 3661 920 3736 125,
949 3660 1052 3733 τινα
1088 3661 1160 3736 130,
1193 3661 1250 3734 20;
1282 3661 1355 3736 131,
1390 3660 1447 3732 ιν,
1483 3659 1555 3735 133,
1584 3659 1638 3730 ro;

364 3765 436 3834 136,
471 3765 508 3823 11
541 3766 574 3824 et
598 3762 675 3823 aiibi
699 3763 794 3822 iuxta
817 3759 928 3840 ἔρρωτο
951 3757 1116 3840 (ἔρρωσθε).
1140 3794 1182 3803 -
1208 3762 1364 3823 Formula
1387 3761 1414 3822 εἰ
1435 3749 1638 3838 ἔρρωσθε,τῦ

362 3869 478 3937 (καλῶς)
502 3861 540 3924 ὀιν
563 3862 632 3943 ἔχοι.
654 3858 818 3944 Dittenb.²
841 3865 917 3939 334,
947 3864 983 3937 2;
1009 3863 1083 3939 350,
1110 3866 1129 3922 4
1154 3871 1193 3932 (a.
1220 3865 1261 3925 73
1287 3867 1319 3925 et
1345 3864 1421 3924 346
1444 3861 1500 3936 (A).

316 3961 397 4048 ῥώξ·
428 3971 570 4046 θηλυκῶς
600 3962 620 4043 ἡ
652 3964 714 4045 ράξ·
745 3962 761 4026 δ
790 3961 822 4025 δὲ
852 3963 910 4044 ῥὼξ
936 3961 987 4023 καί
1010 3964 1213 4044 βαρβαρισμὸς
1236 3963 1288 4025 καί
1310 3963 1507 4041 σολοικισμός.
1531 3965 1636 4038 Phoc,

361 4073 398 4131 ui
426 4069 524 4130 Esaia
555 4070 608 4145 66,
638 4068 658 4128 Β
690 4063 705 4126 ὁ
736 4065 794 4145 ibi
826 4065 858 4126 ἐν
889 4075 928 4150 τῷ
952 4063 1065 4144 βότρυι.
1091 4099 1131 4110 -
1150 4061 1220 4140 Ῥώξ
1251 4067 1379 4131 (ineerii
1408 4067 1551 4143 generis)
1575 4066 1638 4126 alio

359 4187 460 4233 sensu
491 4171 587 4232 Hom.
620 4169 677 4230 Od.
710 4170 762 4245 22,
798 4170 871 4230 143.
903 4167 949 4229 Oi.
982 4167 1097 4229 Aelius
1130 4168 1309 4244 Dionysius
1339 4184 1390 4244 ep.
1425 4169 1637 4230 Husiaihium

359 4290 389 4349 p.
424 4274 519 4349 1485,
551 4271 730 4346 Phryniebi
761 4269 820 4331 eol.
850 4271 902 4331 26.
933 4269 1092 4331 Adhibuit
1122 4271 1225 4331 eiiam
1256 4269 1475 4332 Archilochus
1497 4270 1537 4330 ir.
1564 4272 1635 4331 191.

359 4374 406 4436 (ii.
438 4373 576 4449 Beanije
607 4373 665 4448 Qu.
696 4372 821 4434 Archil.
851 4388 882 4447 p.
907 4371 963 4448 82,
996 4372 1051 4446 qui
1083 4371 1274 4447 Hippocrati
1304 4371 1332 4431 V
1359 4374 1424 4432 416
1447 4375 1482 4432 et
1505 4371 1635 4434 111436

358 4475 449 4556 §oyes
473 4480 510 4538 ui
531 4476 676 4538 ionicum
700 4491 758 4551 pro
782 4472 868 4552 ῥᾶγες
891 4473 1094 4534 reddendum
1117 4473 1314 4548 suspicatur.

314 4575 464 4662 ῥωχμὸς.
490 4580 562 4641 Vid.
587 4581 659 4638 XM
677 4593 736 4655 pro
758 4578 831 4636 ΓΜ.

314 4676 755 4764 ρώψ.111δ.ιιαιιόρινος.
