3586 5598
854 756 921 870 Δ.
946 801 1065 868 Δέλτα.

349 993 556 1062 (Genetivum
581 994 772 1054 abnormem
797 990 978 1065 δέλτατος
1001 1010 1019 1055 e
1041 994 1229 1055 Democrito
1253 995 1334 1054 citat
1356 993 1549 1069 Apollonius
1570 994 1627 1050 ΒΑ

351 1096 428 1168 781,
455 1095 507 1153 84.
534 1095 686 1156 Fortasse
710 1093 804 1155 Delta
826 1095 1067 1170 aegyptiacum
1091 1094 1349 1169 intellegendum
1373 1095 1456 1156 est).

255 1201 257 1206 '
306 1201 332 1254 A
352 1211 409 1271 pro
431 1195 456 1252 Θ
476 1195 687 1256 Macedonum
709 1197 788 1256 dicit
807 1198 874 1255 EM
887 1199 961 1271 317,
978 1199 1034 1272 24;
1055 1198 1094 1258 de
1112 1197 1233 1258 Atticis
1251 1197 1317 1258 vid.
1331 1189 1513 1257 Meisterh.²
1524 1211 1555 1272 p.
1569 1197 1627 1256 80.

306 1299 413 1370 Apro
445 1299 469 1353 Z
492 1297 577 1370 apud
603 1296 704 1357 Dorea
729 1300 762 1357 et
784 1298 947 1359 Boeotios.
972 1299 1042 1360 Vid.
1068 1298 1250 1377 δάγκλον,
1272 1294 1467 1374 δερέθειν,
1490 1295 1629 1374 δυγόν,

351 1395 492 1473 δωμός,
522 1395 636 1472 δωός,
660 1397 757 1474 δώω,
779 1399 1018 1477 domiducus,
1047 1396 1399 1474 καταὲοικιὸέθαι,
1430 1401 1492 1460 etc.
1524 1397 1572 1459 Of.
1601 1401 1628 1456 Z

350 1512 407 1572 pro
432 1500 466 1555 A.

308 1603 361 1656 AA
380 1613 438 1672 pro
460 1601 484 1656 Z
503 1599 587 1673 apud
608 1600 752 1660 Lacones
764 1602 813 1676 (?i,
835 1600 1022 1677 Cretenses„
1043 1601 1251 1676 Megarenses
1263 1604 1308 1665 171.
1330 1602 1400 1662 Vid.
1423 1599 1633 1676 δικάδὸεν,

350 1697 621 1776 πράδδεθθαι,
650 1700 988 1779 μικκιχιδομὲνων
1020 1706 1053 1763 ei
1083 1703 1236 1778 exempla
1258 1700 1501 1778 Aristophaneo
1528 1704 1632 1775 atqua

348 1801 569 1874 Hesychiana.
612 1803 658 1863 De
693 1803 774 1863 solis
809 1803 1021 1864 Cretensibus
1056 1820 1109 1865 res
1144 1807 1235 1864 certa
1270 1807 1330 1864 est.
1367 1803 1438 1863 Vid.
1474 1803 1632 1876 Boream,

349 1919 380 1978 p.
405 1903 447 1962 93
471 1919 540 1977 sqq.

308 2007 362 2062 AA
393 2006 510 2064 uatum
542 2005 782 2066 assimilatione
814 2022 855 2066 ex
886 2008 934 2064 ΡΑ
958 2009 1016 2066 aut
1038 2007 1095 2064 ΣΔ
1125 2007 1159 2066 in
1191 2005 1359 2068 vocabulis
1383 2005 1634 2080 coniungendis,

350 2105 422 2166 Vid.
448 2109 518 2164 AA.

307 2207 463 2266 A=NT
482 2207 567 2281 apud
591 2207 814 2283 PamphyliOS.
839 2208 910 2269 Vid.
935 2205 1116 2287 ἐξάγωδι,
1138 2207 1320 2286 γίνωόαι,
1344 2205 1422 2268 driu.

307 2310 431 2366 A=z
453 2308 537 2382 apud
561 2308 658 2368 Iones
682 2309 715 2368 in
739 2305 853 2386 ὀδμή,
876 2308 998 2386 ἴδμεν.

309 2415 335 2468 A
359 2411 394 2469 et
418 2411 445 2467 T
464 2409 589 2469 omissa
608 2409 694 2470 inter
717 2414 937 2472 consonantes
957 2413 1110 2489 aniepin
1122 2413 1213 2472 vasis
1226 2411 1338 2473 atticis
1350 2412 1384 2471 in
1408 2409 1638 2490 Ὰνρομάχη,

355 2509 614 2588 Εὖξίσρατος,
638 2512 937 2590 Δαμασισράτη,
959 2512 1241 2590 Ναυσίσρατος.
1266 2513 1302 2573 G.
1327 2513 1364 2574 V.
1389 2529 1418 2589 p.
1447 2514 1508 2574 183
1533 2529 1583 2588 sq.

308 2616 335 2670 Δ
358 2628 416 2687 pro
443 2615 474 2670 Τ.
499 2611 568 2672 Vid.
594 2610 612 2670 δ
620 2611 705 2672 diae
713 2636 756 2685 ας
780 2615 832 2680 (cf.
857 2612 1127 2692 δάπις-τ-τάπης).

308 2720 416 2788 Apro
455 2715 487 2771 Β.
518 2712 589 2773 vid.
622 2710 763 2790 δέλλει,
798 2715 994 2792 δείλομαι,
1029 2715 1212 2793 δήλομαι,
1244 2711 1446 2793 espeisse,
1475 2711 1634 2794 δέλτος,

358 2809 506 2888 deside,
530 2813 705 2878 edocati)
730 2816 774 2876 df.
801 2817 824 2874 B
848 2817 989 2876 variat
1011 2831 1101 2877 cum
1125 2820 1160 2875 A.

248 2942 251 2946 ·
308 2918 335 2974 A
358 2929 416 2990 pro
440 2917 473 2972 Γ.
496 2915 567 2975 Vid.
593 2915 798 2976 δεύασθαι.

308 3021 334 3075 A
358 3016 465 3076 variat
488 3031 563 3076 cum
587 3019 618 3074 A
637 3016 670 3078 in
689 3011 890 3088 Ὀλυηεύς
904 3042 945 3067 =
959 3013 1117 3090 Ὀδυσσεύς
1140 3019 1192 3083 (ci.
1218 3019 1328 3097 δάκρυ,
1346 3021 1541 3094 lacrima,
1563 3020 1634 3086 aL).

307 3118 389 3177 Ain
413 3118 546 3193 papyris
568 3119 693 3193 passim
717 3119 947 3195 compendium
972 3121 1024 3180 est
1046 3134 1117 3180 voc.
1142 3119 1233 3179 δεῖνα.
1258 3119 1303 3180 Of.
1325 3121 1487 3180 Leemans
1511 3120 1575 3180 vol.
1600 3121 1636 3181 11

333 3236 380 3294 ·p.
406 3221 463 3296 49,
489 3220 541 3279 51.

308 3319 456 3399 ddc=ye
480 3321 651 3381 doricum?
674 3321 729 3382 Ar.
754 3323 829 3396 Lys.
861 3323 922 3384 198
947 3330 1005 3398 φεῦ
1027 3321 1072 3382 δᾶ.
1093 3321 1138 3382 of.
1159 3321 1233 3382 Eur.
1254 3321 1374 3382 Phoen.
1399 3323 1493 3380 1344.
1507 3321 1634 3382 Aesch.

352 3423 460 3483 Prom.
485 3423 559 3482 568.
583 3421 677 3482 Eum.
703 3424 777 3484 841.
803 3425 920 3498 Agam.
949 3424 1045 3483 1072.
1070 3421 1106 3482 οὐ
1132 3421 1188 3480 δᾶν
1211 3421 1345 3482 Theocr.
1367 3421 1411 3480 IV
1431 3423 1480 3482 17.
1500 3419 1561 3478 VH
1573 3420 1634 3481 39.

353 3525 398 3586 Gi.
422 3518 870 3603 Ἐννοσίδας--Ἐννοσίγαιος
884 3525 928 3591 11).
954 3525 1044 3585 Pind.
1070 3526 1099 3583 P.
1122 3523 1168 3584 IV
1192 3525 1244 3584 33.
1273 3524 1334 3582 173
1367 3526 1401 3584 et
1431 3521 1634 3602 Δαμάτηρ.

352 3627 482 3687 Ahrens
501 3626 532 3685 ii
550 3641 580 3700 p.
602 3625 644 3685 80
667 3627 961 3700 grammaticorum
984 3625 1186 3686 sententiam
1211 3625 1248 3683 δᾶ
1272 3624 1360 3684 idem
1385 3639 1458 3684 esse
1481 3623 1567 3698 quod
1591 3633 1634 3702 γᾶ

352 3727 472 3788 acriter
494 3727 679 3803 impugnat,
705 3728 895 3788 divinum
920 3742 1069 3788 numen
1092 3727 1126 3786 in
1147 3741 1251 3801 genus
1270 3741 1309 3786 ea
1327 3725 1445 3786 vocula
1463 3726 1636 3800 designari

351 3827 566 3913 contendens,
588 3829 988 3902 comparatisnominibus
1001 3828 1066 3887 Ado
1081 3851 1122 3876 =
1137 3827 1211 3905 Dp'v,
1233 3827 1351 3905 Διώνη,
1375 3826 1521 3903 Diana,
1543 3827 1634 3889 aliia.

309 3923 457 4010 δαβελός
480 3930 532 3990 (=
547 3927 635 3990 deii·
659 3929 756 4000 δαλός.
782 3929 934 4001 Λάκωνες.
958 3931 998 3990 Η.
1025 3929 1070 3991 Of.
1096 3927 1240 4000 δαυλός
1264 3927 1422 4006 (dadau).

309 4024 519 4113 ὅὰγκΙοΙλον·
552 4025 710 4105 δρέπανον.
743 4030 783 4091 Η.
822 4031 923 4091 Doree
958 4031 1068 4091 Siculi.
1100 4029 1188 4090 Oorr.
1225 4030 1365 4092 Ahreus.
1400 4029 1471 4088 Vid.
1510 4027 1635 4107 Ζάγκλῃ

355 4131 472 4191 Herod.
498 4129 557 4189 VII
584 4132 656 4191 164.
682 4131 781 4192 Thuc.
807 4131 851 4190 VI
875 4135 905 4192 4.

309 4227 432 4313 Mida,
464 4247 596 4307 puppa
619 4246 752 4309 cerea,
767 4231 904 4310 εκόρη.
928 4231 1062 4293 Theocr.
1083 4232 1115 4292 11
1141 4233 1204 4292 110
1229 4228 1344 4309 ἕπάγην
1368 4229 1477 4309 dardis
1504 4263 1548 4272 —
1571 4229 1633 4290 teu.

354 4333 511 4408 Corrupte
532 4333 610 4393 Hae.
631 4331 758 4404 δατύς·
778 4331 964 4412 κουράλλιον.
985 4331 1091 4409 νύμφη
1111 4331 1299 4412 λευκόκηρος.
1315 4332 1409 4394 Phoc.
1422 4331 1487 4392 lex.
1510 4325 1633 4413 δαγός·

353 4433 502 4513 πλάγγων,
520 4431 717 4512 κοροκόσμιον
736 4432 870 4512 κήρινον,
890 4433 961 4513 ὅπερ
979 4429 1123 4516 ὃάγονον
1143 4434 1250 4514 (depos
1262 4432 1434 4496 Blomfleld
1447 4434 1487 4494 ad
1500 4432 1633 4494 Gallim.

354 4553 384 4612 p.
409 4536 484 4599 398)
515 4535 546 4594 οί
565 4531 674 4606 Ἴωνες.
705 4534 859 4594 Doricum
891 4534 1070 4615 δαγῦδας
1100 4536 1253 4615 (δαγύρας)
1275 4537 1370 4596 vocat
1399 4534 1500 4596 schol.
1525 4532 1631 4596 Glem.

353 4637 404 4699 Al.
429 4638 469 4697 ad
493 4637 651 4711 Protrept.
676 4653 706 4712 p.
728 4639 768 4697 51
790 4653 840 4712 ep.
861 4637 1013 4697 Basiium
1034 4651 1083 4712 ep.
1104 4652 1148 4697 cr.
1170 4653 1200 4712 p.
1229 4638 1305 4712 198,
1327 4637 1451 4698 addens
1474 4638 1634 4712 Ἀθηναῖοι

355 4733 387 4798 ei
411 4733 627 4818 κοροκόσμια
648 4742 801 4797 καλοῦσιν.

311 4835 522 4922 Δᾳδαφόριος
550 4839 749 4914 Delphorum
780 4840 904 4900 mensis
936 4839 1071 4912 quintus
1095 4855 1170 4900 cum
1195 4839 1279 4899 festo
1304 4835 1632 4920 Δᾳδαφορίων-τ

353 4938 602 5020 Μαιμακτηριών.
627 4939 672 5001 Oi.
697 4941 864 5002 Bisschoff
885 4941 924 5002 de
948 4941 1063 5001 den.
