3710 5604
921 420 986 480 318

292 601 426 688 ἕὲμξατ
449 605 533 668 Oret.
559 607 612 668 Li}
635 607 666 666 X
690 607 742 668 90.
765 603 960 686 λλρκο[οι]εν.
984 609 1066 669 Mus.
1091 607 1164 668 Ital.
1189 608 1220 669 II
1244 607 1334 668 Gort.
1359 606 1412 682 82,
1427 605 1458 666 7.

294 702 422 791 ἐρξίης.
446 706 519 770 Vid.
543 705 646 787 ἔργειν.

293 803 382 890 ἔρον·
406 807 579 885 ἐπιθυμίαν.
605 809 750 881 Αἰολικῶς
772 808 874 889 ἔρωτα.
898 812 938 872 Η.
964 809 1009 872 Ol.
1033 813 1103 870 ΕΜ
1111 813 1186 885 379,
1201 813 1253 871 35.
1275 810 1369 870 Nom.
1395 809 1427 869 S.
1449 805 1515 886 ἔρος
1539 805 1612 866 hab.

338 912 477 988 Sappho.
502 910 547 972 df.
572 911 707 972 Theocr.
731 912 826 972 XXX
844 913 884 973 27
908 909 985 990 [ἔρος
1008 913 1106 973 Ηοιο.
1124 911 1160 972 ll.
1174 911 1251 971 XIV
1263 913 1338 972 315.
1352 907 1421 986 ἔρον
1434 909 1491 970 Od.
1505 907 1614 968 XVHI

339 1015 417 1088 212,
438 1011 506 1090 ἔρον
525 1012 562 1073 ll.
583 1013 598 1073 Ι
618 1015 683 1074 469
697 1017 782 1086 etc.].
807 1014 968 1075 Pindarus
991 1018 1025 1074 et
1047 1013 1262 1088 Bacchylides
1288 1011 1377 1085 [VIII
1399 1012 1451 1082 79]
1476 1011 1615 1072 utuntur

337 1116 410 1175 sola
432 1115 539 1174 forma
562 1115 741 1175 communi.

292 1210 411 1298 ἔροτις·
434 1211 454 1292 ἡ
478 1212 572 1291 ἑορτή.
593 1215 633 1276 Η.
662 1217 731 1274 ΕΜ
750 1217 824 1292 379,
839 1217 892 1278 81.
917 1215 1087 1278 Aeolicum
1112 1218 1231 1278 vocant
1252 1215 1378 1276 scholia
1402 1213 1443 1274 ad
1467 1214 1563 1274 Hom.
1587 1211 1614 1268 Ε

339 1319 402 1377 299
426 1319 460 1378 et
482 1317 631 1378 Eustath.
656 1333 685 1392 p.
712 1319 807 1395 1808,
819 1319 871 1379 56.
897 1319 972 1378 Aac.
997 1317 1096 1378 habet
1119 1317 1227 1394 Elurip.
1248 1316 1365 1377 illectr.
1385 1317 1460 1376 626.
1481 1313 1614 1388 Legitur

337 1419 438 1480 etiam
469 1419 503 1477 in
533 1418 656 1492 Argivo
686 1419 925 1494 epigrammate
955 1434 1005 1494 ap.
1038 1419 1132 1480 Kaib.
1157 1433 1205 1493 ep.
1230 1419 1339 1493 848,6
1364 1419 1397 1478 et
1421 1417 1613 1478 restitutum

338 1525 390 1582 est
412 1521 444 1580 in
468 1519 703 1581 Calchedonica
726 1520 823 1581 inscr.
847 1535 933 1580 saec.
954 1519 1002 1579 111
1021 1523 1079 1581 aut
1098 1520 1130 1579 11
1149 1535 1178 1579 a.
1192 1518 1225 1580 0.
1246 1519 1299 1580 GD
1313 1519 1444 1594 3052,5
1469 1535 1613 1592 στεφανο-

336 1621 463 1700 φορείτω
487 1617 519 1680 dt
540 1619 592 1692 τὰς
611 1617 764 1699 λρ[ότιο]ς,
782 1622 892 1698 itaque
911 1622 1022 1682 dorica
1037 1622 1147 1697 potius
1167 1622 1274 1682 lorma
1292 1623 1344 1682 est
1360 1635 1459 1695 quam
1478 1617 1612 1678 aeolica.

293 1719 410 1807 ἐροόα·
441 1723 582 1800 πορεύου.
613 1720 773 1783 ἀναπαύου
804 1723 945 1801 Κύπριοι.
969 1724 1009 1784 Η.
1035 1722 1250 1798 comparetur
1272 1721 1393 1798 duplex
1416 1717 1614 1796 significatio

338 1825 570 1887 vocabulorum
594 1826 760 1900 epicorum
784 1821 861 1902 ἐρωή
884 1827 918 1886 et
941 1822 1050 1902 λρωεῖν.

293 1919 543 2010 ἑμπε66(ε)οσοι·
568 1923 714 1998 ἐπίπεδος.
738 1927 778 1987 Η.
803 1926 997 1987 Aeolicum?
1021 1925 1068 1988 (il.
1093 1926 1215 1989 Hoffm.
1240 1927 1370 1988 11235.

294 2032 371 2088 ΕΡΡ
396 2029 518 2090 aeolice
548 2031 624 2104 post
654 2029 989 2090 consonantes=Pi.
1020 2029 1092 2090 Vid.
1123 2025 1375 2106 ἀλλόιερρος,
1404 2023 1613 2104 μέιερρος,

335 2129 521 2208 ιιόπερρα,
542 2127 740 2207 τέρρητον,
765 2127 1027 2208 Ἀγερράνιος,
1050 2127 1266 2208 Πὲρραμος.

289 2228 549 2315 §paramum
580 2231 731 2306 Epidaur.
763 2230 817 2291 (31)
849 2232 947 2308 3339,
961 2232 1003 2292 86
1035 2221 1111 2308 ἧρπε
1134 2228 1163 2302 ἐς
1187 2229 1219 2290 τὸ
1242 2228 1331 2308 ἱερὸν.
1355 2229 1427 2290 Vid.
1452 2226 1612 2306 ἕξῆρτιε,

334 2330 509 2410 ἐσὲρττεν,
535 2329 754 2412 παρέρπιγν,
776 2330 1016 2411 περιέρπειν.
1041 2333 1092 2394 lta
1116 2332 1226 2410 Cyprii
1245 2347 1373 2406 quoque
1396 2331 1447 2395 (cs.
1472 2327 1510 2402 ἔς
1533 2323 1608 2388 ποτ’

334 2431 453 2511 λρπις)
485 2437 519 2496 et
549 2434 722 2496 Cretenses
744 2433 813 2494 Del.
841 2435 913 2510 119,
928 2435 984 2510 34,
1009 2435 1050 2494 al.
1075 2435 1209 2496 Theocr.
1235 2434 1312 2494 XIV
1335 2435 1388 2494 29.
1418 2433 1522 2509 Quare
1547 2445 1609 2492 uon

334 2537 438 2597 mirus
462 2540 514 2597 est
536 2537 624 2597 idem
648 2536 733 2610 apud
757 2535 901 2609 tragicos
924 2550 1015 2596 usus.

290 2633 473 2722 ἑρμηγελας
495 2643 570 2716 (γᾶς)
584 2661 625 2686 =
639 2633 810 2716 ἐρρωγολας.
838 2637 892 2694 ΤΗ
916 2637 931 2696 Ι
957 2640 996 2698 19
1020 2641 1054 2699 et
1076 2639 1212 2714 passim.
1237 2637 1417 2713 opponitur
1440 2633 1539 2714 σκιρὸς
1561 2629 1609 2692 καὶ

335 2736 480 2815 ἄρρηκτος
503 2736 553 2799 ιιαλ
576 2738 698 2816 δρυμός.
722 2739 793 2800 vid.
819 2737 849 2801 {i
872 2755 929 2814 pro
953 2741 998 2802 οῖ.

289 2833 393 2923 ἔρρην
406 2863 448 2888 =
461 2839 550 2918 εἴρειν
568 2840 785 2901 Acciensibus
805 2839 921 2900 tribuit
938 2843 1004 2898 EM
1016 2843 1068 2917 90,
1086 2842 1142 2915 12;
1163 2841 1203 2901 de
1215 2841 1325 2902 luturo
1337 2838 1412 2917 ἔρσα
1425 2839 1611 2902 conieratur

333 2942 421 3003 idem
446 2943 521 3018 377,
546 2944 599 3004 40.
624 2941 670 3003 01.
695 2942 793 3003 Hom.
818 2938 963 3018 ἀποέρσειε
986 2944 1018 3002 et
1043 2942 1117 3002 vide
1141 2939 1331 3020 φθλρρην.

290 3039 503 3129 ἐρρηφορείν.
527 3043 598 3104 vid.
623 3040 880 3122 ἀρρηφορεῖν.
905 3041 951 3104 cf.
976 3040 1205 3121 ἕροόφορον.

291 3139 420 3228 ἔρροντι
443 3147 553 3224 (facul
577 3142 774 3203 ἀπολώλασιν.
798 3143 839 3204 Η.
863 3143 1046 3205 eidormo.
1072 3143 1118 3205 dl.
1143 3161 1170 3205 S.
1184 3161 1215 3205 v.
1239 3148 1370 3202 ιιᾶλον.

290 3242 673 3329 spectantem-aea..
697 3243 811 3320 Delph.
837 3244 891 3304 di)
916 3245 1047 3307 aclas
1072 3255 1111 3317 (a.
1137 3246 1313 3306 279-260
1339 3259 1368 3306 a.
1394 3244 1449 3316 0.).

289 3341 455 3430 ἔρρωμαι.
486 3347 647 3408 Notabilis
677 3347 710 3406 in
740 3346 892 3422 epistulis
921 3348 1063 3408 formula
1094 3346 1119 3407 ελ
1149 3345 1288 3426 ἔρρωσαι,
1314 3339 1347 3408 εὖ
1371 3345 1409 3407 dv
1433 3345 1507 3426 ἔχοι,
1529 3343 1610 3426 κάγὼ

334 3445 366 3508 dl
385 3447 510 3528 ὑγιαίνω
530 3452 578 3520 (ut
594 3447 758 3510 Ciceronis
771 3449 844 3510 illa:
870 3451 906 3510 si
929 3450 1050 3511 vales
1072 3450 1176 3512 bane
1199 3453 1281 3526 est,
1307 3465 1380 3525 ego
1405 3452 1445 3510 et
1468 3448 1611 3510 Tullia

334 3551 538 3628 valemus,
574 3553 608 3611 ct
641 3549 764 3614 simm.)
799 3550 833 3610 in
864 3551 1007 3626 epistula
1036 3551 1193 3612 Eumenis
1223 3553 1254 3612 ΙΙ
1284 3552 1439 3627 (Hedum,
1464 3549 1608 3626 Symbcl.

333 3654 420 3728 Lipe.
456 3653 554 3728 1899,
586 3667 617 3727 p.
641 3653 684 3711 49
707 3651 799 3725 sqql.
832 3649 879 3712 Ol.
910 3653 1006 3727 epist.
1031 3669 1060 3713 a.
1088 3654 1149 3714 108
1174 3669 1203 3714 a.
1229 3652 1262 3714 0.
1287 3654 1320 3713 in
1346 3652 1392 3714 cl.
1417 3653 1497 3714 Rev.
1524 3651 1609 3712 1890

333 3771 363 3830 p.
388 3755 462 3830 289,
488 3753 530 3814 al.
553 3751 625 3812 Vid.
650 3752 752 3813 ctiam
775 3752 826 3814 PL
850 3767 880 3828 p.
907 3755 981 3814 310.
1005 3753 1131 3814 Ibidem
1154 3771 1186 3816 n.
1207 3756 1249 3815 42
1274 3755 1308 3815 in
1331 3753 1474 3830 epistula
1492 3769 1522 3816 a.
1546 3755 1608 3814 156

334 3871 362 3916 a.
384 3854 432 3916 O.:
457 3853 491 3914 εἰ
512 3849 739 3932 ἐρρωμένως
763 3869 823 3913 σοι
846 3851 896 3913 καλ
916 3847 1004 3914 τᾶλλα
1023 3853 1097 3913 κατὰ
1117 3854 1206 3933 λόγον
1228 3853 1349 3932 ἐστίν,
1367 3853 1400 3914 τὸ
1417 3851 1486 3914 δέον
1505 3851 1543 3913 ἂν
1562 3853 1609 3931 εἴη

333 3959 386 4020 (=
405 3959 501 4027 καλῶς
536 3950 574 4012 liv
608 3951 687 4033 ἔχοιλ·
721 3951 825 4016 καύτοὶ
861 3949 893 4014 δὲ
928 3953 1109 4034 ὑγιαίνομεν.
1141 3957 1329 4018 Fallebatiir
1362 3957 1463 4032 igitur
1492 3955 1607 4032 (101101,

333 4057 470 4118 eandem
504 4055 681 4118 formulam
716 4071 767 4131 ap.
802 4057 979 4132 Iosephum
1010 4059 1158 4120 tribuens
1192 4060 1383 4120 Latinomm
1418 4058 1606 4118 imitationi.

333 4159 404 4219 Imo
427 4161 542 4219 contra
564 4160 624 4218 est.

288 4255 387 4342 ἔροεο
423 4261 476 4321 (=
495 4255 612 4337 ὅροεο91
647 4257 801 4337 διεγείροο.
832 4260 872 4321 Η.
905 4261 1088 4337 Explicatio
1122 4263 1230 4337 magis
1265 4263 1405 4337 quadrat
1434 4262 1468 4322 in
1499 4259 1607 4341 ἔγρεο

334 4357 457 4431 (Τυδέος
480 4357 526 4420 vii
549 4357 625 4422 ιιτὲλ

288 4457 385 4544 ἕρσῃ·
416 4458 540 4545 ὁρμήσῃ.
566 4463 605 4523 Η.
640 4461 685 4523 cf.
718 4459 833 4540 ἔρειο·
866 4459 995 4540 ὡρμήθη
1027 4465 1112 4541 apud
1136 4465 1277 4526 eundem
1302 4468 1335 4526 et
1358 4464 1535 4540 compend.
1560 4465 1606 4526 111

334 4567 352 4635 ἓ
375 4565 418 4624 48
441 4561 816 4642 bnrpoe=brcrbpda
840 4564 912 4626 Vid.
937 4566 1059 4627 Hoffm.
1083 4567 1098 4625 Ι
1123 4569 1196 4628 205.

287 4659 404 4748 ἔρσην.
439 4665 511 4725 Vld.
547 4661 678 4742 ἄρρην.
705 4662 1054 4744 -1ροεοοίτερος,
1089 4667 1190 4728 Elidis
1226 4669 1323 4729 inser.
1360 4671 1498 4729 exarata
1532 4671 1607 4744 post

333 4781 362 4826 a.
387 4767 452 4826 336
476 4781 506 4840 p.
531 4765 564 4828 0.
589 4781 640 4841 ap.
665 4767 782 4827 liichel
809 4769 910 4828 1334:
942 4767 1013 4843 μάιε
1037 4765 1241 4847 ἕρσεναιιέραν
1265 4769 1336 4845 privs
1359 4765 1538 4845 θηλυτέραν.
1564 4801 1605 4808 -

333 4863 516 4942 ἕρσενιιὰ
539 4865 680 4940 (σώματα)
703 4867 786 4928 MFP
810 4869 841 4927 ΙΙ
865 4884 894 4944 p.
921 4869 972 4928 28.
998 4868 1069 4928 Vid.
1093 4868 1240 4929 Wiioken
1266 4870 1302 4930 0.
1316 4870 1352 4931 G.
1377 4885 1407 4945 p.
1433 4869 1508 4930 685.

288 4963 473 5049 ἑρσόφορον
496 4974 553 5024 τῶν
577 4962 746 5045 ἁγιωτάτων
769 4969 949 5046 μυοταρίτον.
973 4969 1063 5030 Aeol.
1088 4967 1142 5030 ΘΙ)
1163 4971 1236 5030 232.
1262 4969 1307 5032 Cf.
1333 4967 1581 5048 ἑρρηφοριῖν.
