3662 5606
934 429 997 489 888

342 618 380 673 λα
388 612 538 692 ἣζόμενος
574 622 633 674 τῶν
672 610 834 692 θυομένων
872 613 984 686 vetvsta
1020 610 1066 684 τὰ]
1099 609 1230 690 δέρματοι
1260 607 1310 670 καί
1345 608 1396 682 τὰς
1426 607 1538 682 κωλέοις
1567 607 1624 670 κτὲ.

343 716 469 778 Ibidem
501 718 598 793 3052,
630 718 668 776 11
706 713 809 789 ἐξέστω
841 711 873 776 δὲ
907 712 958 776 καί
989 712 1075 774 παιδί
1106 709 1264 789 ὠνεῖσθαι,
1294 708 1408 785 otto]
1446 707 1478 772 δέ
1512 708 1624 790 μηθένι

345 815 448 890 ἐξέστω
478 815 533 876 τὰν
561 817 724 897 [tenestem
753 813 774 895 ἢ
804 814 934 888 tuebor.
967 815 1014 878 ci.
1043 816 1064 876 l.
1098 817 1150 876 29.
1175 815 1246 876 Vid.
1277 815 1381 876 etiam
1404 815 1622 890 Erythrarum

343 921 440 981 inser.
465 935 551 980 saec.
573 936 601 981 a.
622 919 655 982 G.
676 920 724 980 III
747 933 797 995 ep.
819 919 935 980 Michel
957 919 1021 980 839
1043 921 1077 980 et
1097 919 1136 978 ci.
1158 916 1342 978 Herbreeht
1364 917 1429 994 „De
1448 916 1624 978 sacerdotii

343 1023 428 1098 apud
449 1021 590 1083 Graecos
610 1021 777 1098 emptione
805 1021 922 1098 1885'’,
947 1021 1028 1081 item
1052 1018 1219 1080 Bissehoii
1235 1018 1268 1080 in
1292 1019 1374 1080 Mus.
1398 1019 1502 1080 Rhen.
1530 1018 1624 1095 1899,

344 1140 375 1200 p.
401 1125 421 1184 9
446 1139 494 1198 sq.

300 1222 413 1289 ίεσοα·
433 1225 606 1304 βαδίζουσα.
625 1225 666 1286 Η.
681 1247 722 1273 =
736 1223 838 1302 ίοοσα,
850 1227 887 1286 ut
906 1221 1020 1296 ἕσσας
1034 1246 1075 1272 --
1088 1219 1189 1300 oinos.
1202 1221 1273 1283 Vid.
1294 1214 1409 1282 εἶναι.
1424 1255 1463 1265 -
1478 1220 1624 1282 Meineke

344 1327 433 1387 ίασσα
449 1328 652 1404 postulabat,
674 1331 712 1389 ut
735 1325 915 1403 ίαίαττα,
939 1327 1091 1388 Schmidt
1109 1325 1179 1385 ίασα
1194 1325 1246 1386 vel
1265 1324 1350 1399 ίᾶιτα,
1369 1325 1441 1386 coil.
1460 1325 1624 1386 Ahrensio

345 1430 376 1488 ii
406 1430 480 1504 323,
509 1430 580 1506 ipse
607 1433 721 1491 tamen
747 1429 918 1490 conferens
941 1429 1122 1489 κύεσταν·
1145 1427 1289 1488 κύουσαν.
1315 1428 1355 1489 Η.
1383 1459 1422 1471 --
1448 1425 1495 1488 Oi.
1522 1427 1624 1486 etiam

344 1531 529 1592 laconicum
554 1527 807 1592 ίαιίσσαντα.

300 1626 423 1707 ἱὲτσας.
446 1633 518 1694 Vid.
543 1629 686 1704 τέττας.

300 1730 635 1817 ἱζάνην-τκαθίζετν.
660 1735 790 1811 Sappho
813 1735 852 1796 fr.
880 1736 908 1811 1,
934 1737 965 1795 3.

300 1823 397 1914 ἰξε-ιν,
421 1835 528 1896 Verba
551 1836 584 1896 in
608 1835 659 1907 ίζω
683 1839 716 1898 et
739 1835 798 1908 άζα
822 1837 967 1898 boeotiee
992 1836 1147 1898 desinunt
1169 1836 1202 1896 in
1226 1833 1300 1895 ίδίω
1324 1839 1358 1898 et
1380 1834 1478 1911 ίδδω,
1502 1833 1624 1896 aeolice

343 1953 407 1999 seo.
432 1937 668 2012 grammatices
692 1937 724 1998 in
744 1935 818 1997 ίσία
838 1939 871 1998 et
887 1935 983 2012 αίτδω,
1001 1936 1255 1997 adversantibus
1273 1937 1403 2011 quidem
1424 1936 1549 2012 titulis,
1569 1935 1624 2011 qui

342 2044 358 2112 ζ
387 2041 537 2114 servant,
568 2038 625 2098 sed
651 2038 715 2098 vid.
748 2038 870 2099 Hoffm.
902 2039 933 2098 Π
965 2040 1029 2100 510
1060 2054 1130 2113 sqq.
1155 2037 1270 2099 Dorice
1297 2039 1379 2100 haec
1402 2039 1502 2100 verbs
1524 2041 1623 2115 pro}

341 2129 506 2216 {habent
525 2139 559 2200 in
578 2139 689 2200 future
709 2143 742 2200 et
761 2139 883 2202 aoriste
903 2141 931 2216 Ι,
950 2143 984 2200 et
1002 2141 1145 2201 formata
1161 2140 1236 2200 inde
1248 2140 1625 2204 substantivadesinunt

346 2245 380 2304 in
403 2241 446 2314 ξις
469 2255 527 2316 pro
550 2255 603 2312 τις.
628 2239 674 2301 Oi.
699 2240 828 2302 Ahrens
852 2242 883 2300 Π
907 2257 936 2316 p.
962 2241 1004 2301 89
1029 2256 1099 2316 sqq.

299 2344 398 2422 ῑζειν,
424 2341 554 2420 ἱξεσθαι,
576 2358 637 2420 ορ,
669 2343 733 2404 ion.
748 2365 789 2392 =
802 2343 946 2420 καθίζειν,
975 2342 1162 2415 καθίζεσθαι.
1190 2343 1288 2404 Hom.
1320 2345 1352 2404 et
1383 2344 1461 2405 Her.
1485 2343 1622 2420 passim.

346 2447 418 2508 Vid.
444 2443 590 2504 ῗσσατο.

304 2543 406 2624 ῐζὲλα
429 2548 475 2620 iii·
501 2541 604 2624 ἀγαθὴ
627 2543 708 2624 τύχη.
733 2545 919 2618 Μακεδόνες.
940 2549 979 2604 Η.

303 2651 338 2736 ἰῇ
363 2651 426 2711 ion.
441 2651 534 2706 --ι“ῐι
557 2650 638 2724 (att,
664 2647 743 2724 dor„
768 2649 862 2715 asel.)
886 2649 919 2709 in
943 2648 1056 2726 ἰῆσθαι.
1080 2647 1164 2727 ἴημα,
1183 2646 1290 2725 ἰητρός.
1315 2648 1436 2708 Hoffm.
1460 2649 1507 2708 ΙΙΙ
1531 2651 1607 2710 348.

303 2750 339 2837 ῐή
353 2749 496 2828 :envoi
521 2751 554 2811 in
578 2751 709 2812 oraculo
733 2751 809 2812 Her.
833 2752 848 2811 I
872 2753 913 2812 85
938 2750 1122 2811 πολύευκτον
1147 2749 1204 2827 lviv.

302 2851 464 2938 ἰηγορεῐν·
488 2849 689 2931 ἐγρηγορέναι.
713 2853 866 2925 Λάκωνες.
886 2853 927 2914 Η.
952 2853 1001 2915 el.
1027 2856 1188 2929 corrupta.

301 2951 446 3038 ἰηδὸνες·
476 2951 651 3032 εὐφροσύνη
682 2956 714 3022 (I.
745 2957 830 3030 -voo,
863 2953 1036 3031 ἐπιθυμίαι,
1065 2953 1161 3034 χοροί.
1193 2954 1233 3016 Η.
1258 2953 1304 3016 Oi.
1329 2952 1445 3013 ίαίνειν.
1470 2955 1624 3016 Fortasse

345 3058 397 3116 est
424 3055 535 3130 glossa
565 3055 705 3130 poetica,
737 3055 853 3116 eadem
884 3055 1035 3116 libertate
1060 3054 1151 3132 fleta,
1178 3070 1243 3130 qua
1265 3055 1504 3130 Aristophanes
1527 3054 1626 3116 finxit

344 3154 495 3234 χαιρηδών
519 3155 559 3216 ad
583 3155 772 3233 exemplum
797 3171 867 3218 veo.
891 3153 1031 3236 ἀλγηδών
1054 3160 1088 3218 et
1110 3157 1185 3217 sim.

301 3252 523 3341 ίηθενὲοοοο.
547 3255 619 3317 Vid.
644 3254 860 3316 toeneio.-

297 3353 465 3442 Ἰηλὸοιοτ
495 3373 592 3433 saepe
622 3359 689 3420 titt.
721 3359 816 3420 attici
847 3374 904 3434 pro
924 3352 1081 3434 Ἰαίιίσιοι,
1111 3360 1169 3420 sed
1189 3353 1409 3430 Ἰἅλασίαιις
1440 3361 1622 3420 Anacreon.

346 3460 439 3533 1313,
461 3452 641 3535 Ἰήλυσος
665 3459 741 3520 Her.
767 3461 781 3518 Ι
809 3461 883 3520 144.

299 3557 458 3644 Ἰήπυγες
481 3562 515 3620 et
538 3555 696 3643 Ἰηκοηίη
721 3561 827 3623 ionioe
841 3554 967 3620 =’ion.

300 3657 399 3743 ἰητὴρ
423 3660 581 3721 ionice:
595 3659 703 3740 ἰατρός.
727 3663 818 3724 Adde
842 3663 985 3747 Herone.
1010 3663 1054 3722 IV
1078 3665 1108 3724 6.

301 3756 414 3844 timia.
436 3760 507 3822 Vid.
532 3760 657 3840 Ionon.

302 3859 451 3947 ἰητρείην
485 3859 678 3943 ἀναγράψας,
712 3865 782 3939 qui
812 3864 995 3940 scripsit
1025 3865 1184 3926 librum
1211 3865 1251 3926 ds
1281 3865 1502 3926 medicina.
1528 3865 1622 3926 Kaio.

346 3979 396 4038 ep.
422 3965 496 4025 305.

303 4061 416 4147 ἰητρὸς
439 4059 616 4142 ὀφθαλμῶν.
640 4067 717 4127 Her.
742 4067 789 4126 III
816 4069 843 4143 1,
870 4067 899 4127 2.

301 4161 470 4250 ίθᾶηενής
493 4167 557 4228 ion.
572 4166 766 4245 εγνήσιας,
788 4183 853 4228 sec.
879 4167 1079 4243 Sohulzium,
1105 4167 1163 4244 Qu.
1188 4183 1237 4244 ep.
1263 4171 1315 4244 24,
1340 4183 1390 4243 ap.
1419 4168 1622 4229 Herodotum

345 4266 376 4325 II
403 4268 452 4328 17.
473 4266 517 4326 VI
536 4269 578 4329 53
603 4269 636 4328 et
660 4269 893 4344 Hippocratem
919 4268 994 4328 VIII
1022 4269 1093 4330 148.
1119 4271 1195 4345 446,
1217 4269 1311 4331 iuxta
1330 4267 1486 4349 ίθακγενής
1504 4269 1622 4330 Aesch.

346 4367 435 4429 Pers.
468 4369 542 4428 304.
574 4368 938 4430 or.Hoffm.111300.
971 4369 1042 4430 vio.
1075 4357 1255 4448 χαμᾶθεν
1287 4373 1321 4431 et
1350 4374 1555 4450 χαμαῖθεν.
1578 4401 1623 4414 -

347 4469 394 4530 Oi.
418 4467 639 4548 οὐκεγενής.

303 4565 410 4653 tutelo·
434 4567 541 4647 ἄμυξα.
568 4569 714 4631 Θετταλοί.
738 4570 778 4632 H.
803 4571 893 4632 Idem
918 4566 1048 4649 ὀθίνη·
1076 4568 1175 4648 ἅμαξα
1199 4567 1350 4650 ἡμιονική.
1374 4569 1499 4645 ἐθίζω·
1523 4567 1622 4648 ἅμαξα

346 4666 498 4749 ἡμιανιιιή.
523 4667 671 4732 testea·
695 4668 767 4751 ίιγει.
791 4667 938 4749 dooere·
962 4669 1053 4752 ίίγειν.
1082 4672 1218 4735 Glossae
1245 4674 1459 4750 caliginosae,
1484 4688 1622 4748 quarum

346 4773 582 4849 etymologiam
601 4774 656 4848 qui
675 4773 818 4834 tentavit
838 4773 1017 4835 Hoffmann
1030 4776 1060 4833 ΙΙ
1074 4777 1138 4836 226
1155 4777 1283 4851 paucis,
1297 4778 1389 4852 puto,
1404 4773 1621 4850 persuadebit.

346 4872 497 4934 Thessali
520 4875 641 4935 saltem
665 4873 747 4934 ίθεία
770 4874 896 4934 dixisse
920 4877 1056 4950 putandi
1078 4878 1166 4936 sunt.

304 4969 445 5036 totove
458 4998 499 5023 =
512 4971 643 5052 ἑστᾶσιν,
661 4974 852 5046 ἱθθάντες
866 4997 907 5024 =
920 4974 1059 5048 [στάντες.
1080 4976 1165 5038 Oret.
1186 4977 1254 5038 Dei.
1275 4978 1359 5038 42A
1378 4977 1398 5038 l.
1418 4977 1462 5036 49
1482 4973 1515 5034 ot
1532 4972 1566 5034 oi
1584 4995 1623 5033 κα
