3450 5616
881 397 944 457 716

252 578 442 664 πωμάριον,
473 586 725 661 pomerium,
758 586 792 646 in
823 587 955 661 papyris
986 585 1197 660 aegyptiacis.
1223 584 1373 645 Wilolren
1406 581 1563 644 Archiv
1596 580 1619 639 f.

298 684 467 759 Papyrusi.
493 685 508 744 Ι
531 702 561 761 p.
589 687 661 762 129,
686 690 754 748 not.
779 689 809 748 2.

252 788 380 868 ποινὴν.
404 787 475 848 Vid.
500 795 644 865 φωνῆν.

252 883 379 970 πώνην.
404 887 475 949 Vid.
500 888 643 948 πίνειν.

252 991 380 1070 atrurn·
423 989 554 1068 γραφίον
589 991 630 1052 Η.
668 990 714 1052 Gi.
750 990 907 1063 πόννος·
942 989 975 1052 τὸ
1009 991 1134 1071 podem.
1169 975 1255 1052 Illud
1290 991 1453 1052 aeolicum
1505 989 1620 1050 ducit

297 1090 476 1152 Hoffmann
500 1091 531 1152 ΙΙ
556 1093 630 1153 245.

251 1195 369 1254 πῶπαι
392 1195 438 1256 (11.
461 1193 562 1272 φοραί.
587 1196 720 1273 Δωριεῖς.
745 1195 784 1255 Η.
810 1195 928 1256 Glossa
950 1199 1113 1271 corrupta.

252 1297 388 1375 πωρείν.
419 1295 568 1373 κηδεύειν,
597 1300 730 1356 πενθεῖν.
762 1297 801 1357 Η.
834 1295 921 1357 Eleis
944 1298 1059 1358 tribuit
1082 1297 1185 1358 schol.
1210 1297 1308 1371 Soph.
1333 1295 1369 1355 Ο.
1393 1293 1427 1354 O.
1455 1297 1525 1354 11.
1558 1293 1617 1353 cf.

297 1394 375 1456 Hes
414 1405 601 1474 παρῆσαν
631 1401 771 1476 λυπῆσαι.
805 1431 844 1443 -
877 1399 1067 1476 πωρητύς·
1099 1397 1297 1475 ταλαιπωρία,
1327 1394 1444 1467 πένθος
1480 1395 1616 1458 (Anti-

297 1497 451 1574 machus,
484 1502 571 1560 teste
601 1500 703 1561 schol.
736 1500 834 1575 Soph.
867 1500 903 1560 Ο.
936 1499 969 1561 Ο.
1005 1503 1076 1562 iti.
1109 1531 1151 1542 --
1180 1507 1309 1576 παρος
1341 1494 1614 1574 ὁταλαίπωρος.

297 1598 383 1660 Hine
417 1603 636 1676 compositum
679 1601 906 1680 πάμπωρος,
940 1602 1353 1662 aerumnosissimae
1389 1600 1423 1660 in
1458 1599 1614 1659 tabells

296 1701 406 1775 lignea
440 1702 657 1764 bibliothecae
690 1703 915 1765 Berolinensis
949 1697 995 1765 n⁰.
1033 1706 1075 1765 29
1110 1719 1196 1766 seeo.
1232 1703 1276 1762 IV
1311 1704 1347 1767 11)
1378 1719 1409 1777 p.
1442 1701 1477 1762 0.
1519 1701 1612 1760 Vid.

297 1802 448 1864 Wiloken
473 1806 506 1865 in
528 1806 663 1867 Archiv.
687 1807 709 1868 f.
734 1805 906 1882 Papyrusi.
930 1822 961 1882 p.
986 1807 1061 1867 428.

251 1897 433 1986 παιάὸμαι
463 1906 651 1970 (Ravennae
677 1907 846 1986 πωτάομαι,
876 1908 933 1968 alii
964 1908 1054 1969 codd.
1086 1906 1245 1985 ποτάομαι)
1268 1906 1415 1967 laconice
1428 1928 1471 1954 =
1484 1905 1610 1982 nme}

297 2023 402 2083 σομαι,
436 2010 496 2069 att.
531 2008 689 2087 πιήσομαι.
724 2012 780 2072 Ar.
816 2011 893 2086 Lyn.
927 2011 1022 2085 1013,
1054 2009 1157 2071 schol.
1190 2008 1376 2085 δραμοῦμαι,
1406 2006 1606 2084 marinorum.

298 2109 428 2170 Ahrens
447 2109 478 2169 H
497 2126 528 2186 p.
553 2112 617 2172 288
636 2113 720 2172 oeni.
745 2113 920 2188 ποταΐομαι,
938 2113 995 2171 vix
1018 2115 1118 2173 reete.
1138 2111 1200 2173 Sed
1220 2110 1435 2187 praeferenda
1451 2112 1608 2173 videtur

299 2210 404 2272 altera
426 2211 560 2274 lectio
584 2209 790 2292 ποτάὸμαι.
814 2213 886 2275 Vid.
910 2221 1087 2291 ποτῆται.

834 2861 904 2984 Ῥ.
932 2915 991 3002 po.

254 3131 325 3187 P=
335 3131 383 3188 PP
391 3131 425 3191 in
437 3130 545 3191 titulis
557 3131 810 3208 antiquissime,
823 3133 861 3192 ut
875 3129 1093 3208 Θήαρνμάκὴα,
1106 3130 1325 3213 Θαρύμαςὴος,
1338 3127 1591 3208 Θαρνπτόλεμος.

255 3234 356 3307 Ppro
380 3236 418 3291 A.
441 3233 514 3294 Vid.
538 3228 671 3310 ἅραεα,
694 3233 816 3311 florei.
841 3231 887 3294 Cf.
913 3237 944 3292 A
966 3249 1024 3309 pro
1050 3235 1078 3292 P.

254 3334 279 3391 P
304 3349 362 3408 pro
393 3336 429 3392 Σ.
459 3333 696 3395 Rhotacismus
727 3335 811 3410 apud
841 3335 987 3395 Lacones
1017 3335 1127 3394 solum
1154 3333 1251 3394 finale
1277 3337 1307 3392 Σ
1329 3333 1467 3408 invasit,
1493 3333 1590 3407 apud

295 3433 391 3495 Eleos
426 3450 503 3496 vero
537 3439 571 3496 et
604 3435 811 3497 Eretrienses
840 3437 943 3497 etiam
973 3437 1007 3496 in
1038 3437 1157 3496 mediis
1189 3435 1369 3510 vocabulis,
1402 3433 1489 3508 apud
1519 3433 1591 3494 hos

297 3536 461 3610 imprimis
490 3537 524 3597 in
552 3537 742 3598 nominibus
771 3539 920 3614 propriis.
945 3539 1039 3612 Apud
1064 3537 1240 3598 Cretenses
1261 3551 1327 3599 non
1350 3535 1415 3595 nisi
1438 3535 1471 3594 in
1495 3536 1591 3595 seris

297 3637 405 3698 titulis
428 3639 590 3714 reperitur
612 3639 708 3713 idque
731 3641 764 3699 in
789 3640 859 3700 solo
883 3638 993 3716 νόρμος
1017 3655 1093 3699 oum
1112 3639 1212 3699 verbo
1230 3636 1343 3715 nappin
1357 3661 1398 3685 =
1411 3635 1524 3712 κόσμος
1547 3641 1589 3698 et

299 3736 414 3815 κοσμίω
449 3740 589 3814 (Bergm.
626 3743 679 3816 41,
714 3742 750 3814 4;
786 3741 869 3802 BOH
903 3743 999 3816 1885,
1030 3756 1051 3800 n
1082 3742 1113 3816 8,
1148 3745 1182 3815 1;
1216 3732 1377 3801 Dittenb.²
1409 3737 1496 3806 929).
1532 3736 1587 3797 De

298 3839 450 3902 Eleorum
482 3843 684 3903 rhotaoismo
715 3843 866 3903 videatur
897 3843 1030 3903 Meister
1059 3842 1091 3901 ΙΙ
1123 3859 1152 3916 p.
1185 3843 1227 3902 49
1258 3857 1339 3916 sqq,
1372 3841 1411 3900 de
1441 3838 1586 3898 Eretriis

298 3942 415 4004 afferre
434 3943 578 4006 suitioiat
596 3945 765 4006 decretum
786 3945 939 4005 exeuntis
958 3959 1044 4005 saec.
1066 3959 1095 4004 a.
1116 3943 1149 4004 Ο.
1174 3942 1230 4003 Vti
1249 3957 1300 4018 ap.
1321 3941 1583 4003 Mich01840=

299 4039 462 4108 nittenb.²
492 4048 534 4106 47
565 4061 624 4122 stt„
656 4046 711 4107 ubi
740 4047 896 4120 leguntur
925 4045 1040 4123 παιρίν,
1070 4041 1280 4122 intensiorem,
1313 4041 1588 4121 συνελενθὲρωριν,

298 4146 424 4226 steppo,
454 4148 528 4208 alia.
560 4148 598 4208 In
631 4147 722 4208 Elide
753 4148 793 4208 ob
824 4147 1069 4222 antiquissimis
1103 4147 1178 4208 inde
1213 4146 1419 4220 temporibus
1448 4159 1586 4220 semper

297 4249 397 4310 latius
416 4249 632 4326 progreditur,
655 4250 714 4310 sed
733 4250 899 4310 contraria
917 4251 1003 4310 ratio
1023 4251 1159 4325 apparet
1180 4249 1334 4309 Eretriae.
1356 4249 1395 4308 In
1413 4247 1585 4308 Laconum

298 4351 407 4412 titulis
430 4368 495 4413 non
520 4356 655 4428 apparet
678 4356 755 4414 ante
779 4353 937 4413 Antonini
961 4356 1121 4427 aetatem,
1147 4353 1180 4412 et
1199 4351 1233 4410 in
1257 4349 1367 4425 Creta,
1392 4348 1478 4423 quod
1497 4348 1584 4423 dixi,

298 4467 364 4514 non
398 4456 554 4530 antiquus
589 4457 617 4516 is
649 4456 773 4516 abusus
807 4457 874 4529 est,
906 4455 1000 4514 ouius
1030 4455 1064 4513 in
1093 4453 1220 4528 legibus
1258 4451 1421 4526 gortyniis
1450 4449 1581 4510 nullum

298 4559 411 4617 exstat
421 4558 609 4632 vestigium.
624 4591 664 4600 -
683 4555 781 4617 Falsa
796 4558 875 4617 sunt
891 4555 1017 4616 Therae
1033 4571 1116 4629 quae
1132 4553 1322 4614 ferebantur
1340 4551 1494 4626 exempla
1512 4550 1584 4612 Del.

303 4659 364 4718 144
389 4649 481 4736 οὖρορ
505 4663 539 4720 et
561 4662 608 4718 IA
627 4661 691 4719 412
711 4656 877 4737 ἕξαπόλιορ,
897 4656 968 4719 Vid.
989 4657 1043 4718 GD
1064 4659 1161 4718 4755.
1182 4655 1229 4716 cf.
1249 4656 1388 4728 Boisaoq
1407 4669 1437 4729 p.
1459 4655 1512 4716 86.
1538 4687 1579 4699 ·-

299 4761 394 4836 Apud
429 4763 557 4824 Atticos
591 4762 725 4823 unicum
762 4761 953 4836 exemplum
989 4763 1040 4821 eet
1076 4755 1342 4838 Πελαργικόν,
1375 4757 1404 4816 si
1435 4771 1470 4817 re
1502 4770 1583 4818 vera

299 4862 389 4923 valet
412 4861 609 4942 Πελασγικόν.

258 4966 460 5042 Pseriptum
486 4967 561 5026 HP?
584 4966 656 5026 Vid.
681 4965 803 5026 Hoffm.
819 4965 876 5048 ΙΙΙΙ
901 4965 975 5026 585.
