3710 5604
925 427 989 487 358

296 593 363 690 riu.
387 609 505 670 Aeoles
528 613 562 670 et
585 610 735 672 Thessali
759 612 932 674 verborum
956 615 989 673 in
1013 610 1051 672 to
1068 614 1233 676 interdum
1253 616 1436 690 producunt
1454 615 1619 675 vocalem:

342 706 472 786 ἀδικήει,
504 711 650 806 ποθήωᾼ
659 713 769 790 καλήν.
802 715 924 776 Hoffm.
956 716 988 775 ΙΙ
1020 717 1094 776 573.
1127 716 1250 792 Quibus
1279 716 1395 777 formis
1424 716 1621 790 respondent

343 811 508 872 boeoticae
532 814 564 872 in
588 814 659 872 είιιι.

297 908 371 994 ἢὼς
394 913 538 974 ionicum
563 917 597 974 et
618 915 747 990 epicum
766 941 808 965 =
829 919 889 978 att.
914 914 997 996 ἕως,
1017 944 1059 967 =
1080 917 1161 978 aeol.
1197 915 1366 994 aliua:
1380 918 1484 980 lacon.
1515 916 1619 998 ἁβώρ

342 1011 442 1090 (ἀβώς.
469 1047 507 1056 -
533 1012 766 1094 ἀβώεπρωΐ),
797 1019 864 1079 dor.
897 1017 1033 1091 deic-
1054 1020 1148 1081 Koib.
1181 1035 1230 1096 ep.
1264 1021 1339 1096 618,
1366 1023 1385 1080 3
1416 1014 1490 1079 olii
1524 1017 1619 1097 ἠοῦς

342 1108 412 1174 οὔτ’
446 1113 732 1194 ὄρφνηςεοῦιε
761 1113 827 1194 μεθ’
859 1115 974 1199 ἡμέραν
1004 1118 1071 1182 οὔτε
1103 1121 1228 1202 νύκτωρ.
1253 1156 1292 1164 -
1319 1122 1361 1182 ib.
1393 1123 1468 1198 682,
1495 1124 1514 1181 2
1546 1119 1619 1199 ἠοῦς

343 1225 422 1293 φῶς,
444 1219 545 1279 vita.

298 1314 494 1400 ἠως--ἕως
517 1321 622 1382 (coni.)
647 1321 822 1399 nuayser,
847 1323 900 1384 Gr.
925 1324 955 1384 d.
980 1324 1033 1384 Gr.
1058 1325 1314 1402 Papyriete.1‚
1342 1327 1391 1386 10.

843 1649 1078 1656 -ψ

866 1881 928 1994 Θ.
953 1926 1059 2014 Θῆτα.

343 2127 530 2189 Democrito
553 2128 745 2202 Apollonius
769 2131 824 2187 BA
847 2130 922 2206 781,
937 2131 979 2188 24
1003 2128 1118 2189 tribuit
1141 2131 1333 2204 genetivum
1357 2130 1538 2208 θήναιος.

306 2229 331 2288 Θ
356 2230 649 2306 compendium
673 2244 743 2289 voc.
766 2229 904 2308 θνγαιήρ
927 2231 961 2289 in
985 2230 1226 2292 Theraeinscr.
1247 2231 1480 2308 1G1‚111346,
1502 2235 1533 2310 5,
1554 2248 1623 2293 voc.

346 2329 479 2401 θάνατος
504 2331 537 2388 in
560 2345 684 2404 papyro
704 2345 775 2404 aeg.
800 2345 827 2391 ο.
851 2346 880 2392 a.
909 2332 971 2391 180
994 2347 1025 2406 p.
1049 2330 1083 2392 (l.
1108 2331 1193 2392 ΕΘΗ
1220 2334 1281 2393 105
1306 2333 1429 2395 11126.

306 2434 332 2493 Θ
354 2433 559 2505 omissum
584 2431 934 2492 internuntio.
959 2429 1056 2506 ἐσλός,
1078 2431 1235 2509 euolog.

304 2535 330 2594 Θ
352 2550 409 2609 pro
436 2534 514 2593 Tin
537 2531 837 2593 terminationibus.
863 2532 934 2593 Vid.
957 2520 1023 2611 «ἦ,
1043 2519 1102 2612 θι,
1122 2521 1171 2594 {To
1195 2537 1229 2595 et
1253 2535 1313 2594 ΝΘ
1335 2551 1408 2612 pro
1431 2539 1497 2595 ΝΤ.

306 2636 331 2695 Θ
355 2651 413 2711 pro
439 2637 475 2693 Φ.
500 2634 571 2694 Vid.
594 2631 756 2710 ἒλαθρά,
778 2633 921 2710 dello,
943 2630 1078 2714 όθρόν.

308 2736 333 2795 Θ
355 2740 388 2796 et
415 2736 595 2795 00:21²
614 2750 665 2810 ap.
690 2734 874 2794 Cretenses.
899 2736 970 2796 Vid.
996 2735 1300 2796 ῐθθᾶνιι.τ-ΣΣ
1322 2739 1354 2798 in
1378 2737 1579 2797 θάλνθθα.

305 2837 359 2896 ΘΘ
381 2837 677 2898 assimilatum
702 2852 744 2897 ex
767 2835 824 2894 ΣΘ
847 2837 880 2895 in
900 2837 965 2913 LG,
989 2838 1043 2898 ubi
1062 2841 1152 2914 prius
1173 2839 1367 2900 vocabulum
1384 2838 1497 2900 finitur
1516 2840 1628 2900 littera

346 2944 389 3016 Σ,
412 2939 554 3000 alterum
579 2940 749 3000 orditura
775 2939 808 2998 Θ.

305 3040 522 3100 Oversum
546 3039 587 3099 in
611 3043 646 3097 Σ.
670 3039 743 3100 Vid.
767 3042 890 3115 Zpro
917 3041 950 3100 Θ.

300 3128 355 3203 {soc
384 3141 506 3202 aeolice
537 3141 576 3202 ad
607 3141 742 3216 perfecti
772 3141 961 3216 analogiam
993 3142 1029 3204 nt
1059 3143 1250 3204 terminatio
1280 3143 1443 3203 secundae
1466 3157 1626 3218 personae

345 3243 541 3319 praesentis,
567 3245 604 3304 lit
622 3241 755 3322 ἕχεισθα,
778 3248 912 3320 φαῖσθα,
934 3245 1088 3321 φίλησθα,
1110 3243 1278 3305 ἕθὲλεισθα.
1302 3243 1348 3304 Cf.
1371 3243 1519 3319 Curtius,
1548 3245 1627 3318 „das

346 3345 399 3405 Gr.
424 3344 799 3419 verbum”1150sqq.
825 3345 947 3406 Hoffm.
972 3346 1004 3405 II
1028 3348 1103 3408 563.

301 3431 355 3510 a}
374 3445 520 3505 adverbii
541 3445 675 3505 locativi
698 3445 854 3505 suffixum
878 3447 963 3521 apud
986 3448 1148 3509 (Aeoles?l
1172 3449 1205 3506 et
1231 3445 1343 3506 Dores.
1367 3445 1562 3521 Apollonius
1586 3446 1626 3506 de

347 3551 421 3609 adv.
444 3549 517 3622 193,
541 3548 597 3606 13:
617 3543 691 3624 λέγω
707 3543 839 3624 περὶτοῦ
858 3544 1012 3606 ὔπισθα
1032 3545 1081 3606 καὶ
1101 3544 1272 3626 όπερθα,
1291 3545 1327 3605 οὗ
1340 3545 1395 3624 γὰρ
1409 3544 1440 3605 τὸ
1453 3545 1626 3624 οὐρανόθεν

346 3648 504 3729 οὐρανόθα
535 3647 629 3723 φασίν
659 3647 810 3725 (Aeoles),
843 3644 914 3708 οὐδὲ
944 3647 977 3708 τὸ
1007 3645 1136 3709 ἄλλοθεν
1166 3646 1297 3725 cillo-tu,
1326 3647 1359 3707 τὸ
1391 3643 1423 3706 δὲ
1453 3645 1626 3726 ἔμπροσθεν

347 3751 569 3830 ἔμπροσθεν,
598 3749 721 3828 ἔνερθεν
751 3749 911 3828 ἕνερθα,
941 3749 1070 3810 ὄπισθεν
1092 3749 1241 3811 όπισθα
1264 3745 1290 3808 (ὀ
1314 3745 1513 3820 litoteta
1536 3772 1625 3809 κατα-

346 3853 465 3924 σταθείς
497 3853 536 3912 fr.
567 3852 677 3926 adesp.
709 3853 773 3928 67),
804 3851 939 3930 πρόσθεν
970 3849 1002 3911 δὲ
1030 3852 1196 3930 πρόσθε.
1221 3853 1283 3912 Sed
1307 3853 1346 3912 de
1369 3850 1526 3911 Aeolibus
1549 3852 1625 3918 (vid.

348 3955 502 4033 ἔνερθε)
525 3970 579 4014 res
602 3953 700 4014 dubia
723 3956 775 4014 est
797 3953 989 4030 admodum,
1015 3956 1091 4028 quia
1114 3959 1250 4030 excepto
1274 3969 1338 4014 uno
1357 3954 1422 4012 isto
1441 3953 1628 4026 fragmento

347 4058 465 4131 ubique
500 4056 585 4131 apud
620 4055 681 4115 hos
714 4055 890 4115 traduntur
923 4055 1048 4116 formae
1082 4057 1252 4131 vulgares:
1289 4053 1487 4131 πάροιθεν
1526 4051 1629 4130 ἀμφί

349 4159 459 4218 Alcaei
480 4157 518 4216 fr.
540 4158 605 4231 9,3
629 4156 883 4233 πατύπερθεν
907 4155 1041 4216 ἵππιοι
1064 4158 1166 4232 15,2;
1187 4154 1305 4215 ἔνθεν
1324 4163 1404 4230 κῦμα
1428 4155 1485 4228 18;
1506 4153 1627 4215 ἔνθεν

328 4261 441 4338 deneg
477 4258 526 4332 18,
540 4259 578 4330 8,;
610 4256 735 4316 πόθεν
767 4253 799 4315 δὲ
830 4258 949 4333 Adesp.
983 4259 1035 4334 75,
1068 4259 1122 4318 ubi
1152 4258 1278 4317 formae
1301 4259 1334 4316 in
1358 4243 1402 4315 a}
1425 4257 1496 4332 ipso
1520 4260 1628 4319 metro

347 4359 578 4422 excluduntur.
604 4358 640 4418 In
665 4359 772 4419 titulis
795 4359 928 4419 aeolicis
950 4358 1066 4436 πρόσθε
1085 4360 1247 4434 scriptum
1267 4359 1368 4418 etiam
1388 4365 1465 4418 ante
1485 4359 1626 4419 vocales

348 4463 372 4521 ll
406 4457 587 4520 thessalica
620 4459 758 4520 dialecto
793 4461 949 4520 novimus
979 4451 1075 4519 αὖθι
1098 4485 1138 4508 =
1158 4457 1291 4519 ἐνταῦθα
1327 4464 1360 4521 et
1394 4457 1539 4520 ἄνευθε
1574 4461 1626 4521 ici.

347 4567 461 4622 temen
481 4558 651 4631 ἔξοιιθιι).
676 4561 747 4620 Vid.
769 4561 891 4621 Hoffm.
912 4563 943 4620 ΙΙ
964 4563 1028 4622 274
1048 4578 1096 4636 sq.
1112 4561 1324 4622 -Similiter
1344 4563 1428 4638 apud
1448 4563 1627 4624 Pindarum

348 4667 400 4723 est
419 4660 595 4740 ματρόθε
617 4663 639 4719 Ι.
653 4662 700 4721 ΠΙ
716 4663 765 4738 17,
779 4663 873 4723 iuxta
884 4664 1044 4742 ματρόθεν,
1063 4664 1197 4724 Theocr.
1211 4664 1226 4722 Ι
1240 4665 1281 4724 24
1299 4669 1330 4722 A
1337 4665 1499 4742 ιβόαθε,
1517 4667 1626 4726 11122

349 4763 593 4836 πόντοθε,Ν
609 4764 649 4823 10
668 4763 845 4841 rovredo,
861 4768 1203 4842 ρῐθθῐθῐθθτηνῶθε,
1222 4765 1626 4843 αὐτόθε,λειμωνόθε.

394 4865 514 4926 Contra
543 4865 654 4926 dorica
682 4868 876 4927 testimonia
898 4867 979 4927 haec
1002 4871 1096 4928 sunt:
1124 4869 1229 4941 ΤΗ,Ι
1257 4869 1306 4928 17.
1332 4869 1372 4928 87
1399 4864 1560 4946 desumi
1584 4871 1625 4930 57

347 4966 569 5046 ἔμπροσθεν,
592 4967 646 5027 LG
669 4967 698 5026 V
722 4968 753 5028 8.
778 4967 831 5028 VI.
857 4969 909 5028 24.
936 4969 981 5028 XI
1007 4969 1025 5027 2
1049 4967 1225 5048 πρόθθα,
1255 4969 1300 5029 IV
1326 4971 1363 5029 17
1397 4967 1544 5050 πρόθα,
1566 4971 1626 5032 sed
