3678 5614
846 444 911 504 569

260 627 362 704 tibus,
399 642 473 687 cum
510 625 608 687 verbo
642 626 871 705 ξυστοιρχιῖν
907 629 941 688 et
975 627 1184 688 substantivo
1218 627 1441 705 ξοσνορχίν.
1468 628 1541 690 Vid.

261 720 422 787 Ditteub.²
443 727 483 787 ad
508 726 572 787 686
598 727 631 786 in
655 729 724 788 not.
749 728 780 789 4.

217 822 358 910 Εοσσικὴ
388 827 530 903 σύνοδος,
563 828 826 889 athletarum
851 829 1053 890 societas.
1083 829 1191 890 liittlr.
1215 829 1323 889 XXIV
1348 845 1377 904 p.
1403 831 1468 890 434
1492 846 1540 905 sq.

261 928 390 1004 Olymp.
416 928 497 989 Vn.
523 931 575 989 54.
601 930 653 990 55.
680 932 754 990 436.
781 929 827 990 ul.
853 929 949 990 Thes.
975 929 1028 991 Gr.
1054 945 1081 991 s.
1107 946 1138 990 v.

217 1022 388 1107 ἐύστολος,
411 1030 646 1092 scabiosus,
674 1033 744 1090 EM
765 1032 872 1108 737,1
891 1028 1040 1110 Σώφρων·
1064 1029 1113 1108 ,τί
1129 1027 1190 1110 μὰν
1209 1031 1356 1104 §contium
1380 1034 1413 1092 Β.
1429 1032 1459 1092 τί
1469 1033 1539 1112 γάρ;

262 1129 362 1208 σύφαρ
383 1125 443 1190 ἀντ’
467 1128 607 1210 ἀνδρός”.
628 1129 660 1191 ἐν
679 1132 795 1204 τούτοις
814 1131 866 1192 τὸν
885 1129 1124 1210 ἀνακρινόμενον
1142 1129 1267 1212 γέροντα
1279 1132 1415 1206 ξύστιλον
1426 1133 1541 1206 παίζων

262 1226 321 1290 ἀπὸ
344 1239 397 1291 τοῦ
421 1237 553 1292 κνᾶσθαι
576 1230 626 1292 καί
649 1233 730 1305 ξύειν
754 1231 786 1293 τὸ
810 1229 911 1310 δέρμα.
936 1231 983 1294 Of.
1008 1235 1143 1310 ξύσμιι.

218 1326 352 1412 ξυστός,
377 1333 632 1408 laevigatus
665 1335 751 1395 FGH
775 1335 862 1410 83,9
893 1342 993 1414 πυροῦ
1017 1331 1111 1419 μίτριμ
1132 1334 1267 1420 δημοσίῳ
1291 1335 1386 1418 ξυστῷ
1410 1333 1540 1396 ἔπαινον.

262 1435 295 1492 et
317 1433 442 1494 similia
465 1434 518 1511 84,
542 1437 570 1496 7.
596 1437 647 1511 85,
674 1437 704 1496 8.
729 1435 801 1495 Vid.
827 1432 999 1494 ἔπαινον.

218 1527 390 1614 scapeia,
413 1535 680 1611 laevigatio?
704 1536 790 1597 ΕΘΗ
815 1537 889 1598 247.

217 1627 369 1715 Εὑστριον
392 1636 636 1698 deminutivum
660 1637 764 1698 subet.
789 1638 906 1716 ξύστρο.
932 1639 982 1696 PK
1006 1639 1036 1697 li
1062 1640 1115 1714 64,
1137 1639 1157 1698 8
1182 1643 1221 1702 (a.
1250 1640 1309 1699 117
1336 1654 1365 1713 p.
1391 1638 1467 1717 (1.1.Ι

216 1729 265 1810 eu
289 1738 389 1797 attice
402 1760 444 1785 =
457 1735 520 1810 ξέοι.
545 1738 618 1800 vlu.
643 1739 706 1811 ξεῖ
709 1761 735 1797 ν.

812 1991 950 1998 --ρ-

742 2189 806 2309 Ο.
830 2240 857 2310 0
884 2244 1017 2328 μικρὸν.

221 2457 246 2515 O
275 2472 333 2531 pro
364 2457 396 2515 st
425 2455 539 2520 (που)
572 2458 680 2519 dorice
711 2459 744 2518 in
768 2461 991 2521 contractione
1016 2464 1068 2530 (εν)
1093 2460 1178 2534 apud
1202 2458 1376 2520 Cretenses
1400 2459 1437 2518 ut
1460 2479 1544 2534 κρο-

262 2555 409 2634 τόντες,
438 2557 657 2634 κοσμόντες
689 2563 750 2621 etc.
782 2563 816 2621 st
847 2561 881 2621 in
915 2563 984 2638 TH,
1012 2563 1049 2621 ut
1071 2559 1242 2636 οίσόντι,
1265 2557 1542 2636 δοκιμαξόντι,

262 2655 504 2737 ἒργιιξόνιαι.
529 2657 575 2721 Of.
601 2661 731 2722 Ahrens
754 2661 785 2721 II
809 2663 873 2723 215
897 2678 945 2736 sq.
972 2695 1011 2706 -
1037 2662 1132 2737 Apud
1155 2664 1252 2722 lones
1275 2662 1309 2742 ln
1332 2659 1413 2738 ζοή,
1435 2659 1541 2736 σόος,

262 2759 369 2835 proin,
392 2758 578 2836 al.=Cerr',
601 2760 691 2836 συός,
715 2763 799 2838 φωΐς.
823 2763 946 2823 Hoffm.
971 2764 1018 2823 lii
1043 2763 1116 2838 281,
1136 2765 1200 2823 534
1220 2779 1267 2837 sq,
1293 2761 1339 2823 Of.
1364 2759 1517 2840 θεορός.

221 2861 327 2935 Opro
351 2860 383 2918 Ω
405 2862 439 2922 in
463 2877 528 2923 acc.
553 2862 635 2937 plur.
660 2863 732 2924 Vid.
757 2863 798 2934 (ἦ
819 2879 877 2938 pro
902 2865 950 2932 ῶξ.

220 2961 246 3020 O
275 2963 387 3026 (εον)
419 2963 584 3023 interdum
615 2979 672 3038 pro
706 2967 733 3022 Y
760 2965 845 3040 apud
876 2965 1030 3041 Boeotos,
1062 2965 1256 3040 praesertim
1287 2964 1320 3024 in
1351 2963 1540 3024 nominibus

262 3065 414 3142 propriis,
447 3069 485 3128 ut
516 3067 569 3127 ul)
594 3067 659 3127 476
683 3064 862 3143 Σόμφορος,
887 3066 1069 3144 Φρυνίσκος,
1096 3064 1229 3135 Μικόλος
1253 3066 1347 3124 iuxta
1372 3063 1541 3140 Μινούλος,

262 3166 343 3243 alia,
369 3165 440 3245 irrep
464 3170 559 3228 iuxta
582 3165 674 3245 οὑπίρ
698 3164 803 3243 (ὑπέρ).

220 3268 246 3325 0
275 3283 333 3341 pro
366 3272 394 3326 A
423 3269 508 3344 apud
539 3268 659 3330 Aeolss
689 3268 722 3328 iu
755 3270 806 3345 νῖν,
836 3267 892 3346 ἀ’μ,
921 3255 1194 3346 ὦ,ν“ν,1“ν,ῖν“ρ,
1218 3269 1265 3342 pu.
1290 3267 1336 3327 ul.
1361 3266 1483 3327 Hoffm.
1509 3267 1540 3326 ii

262 3385 292 3443 p.
318 3370 382 3430 853
407 3385 477 3444 sqq.

221 3470 300 3528 O=
315 3471 375 3528 ΟΝ
395 3471 428 3530 in
453 3486 520 3532 acc.
545 3473 628 3545 sing.
653 3471 739 3547 apud
763 3470 991 3546 Pamphylios,
1018 3472 1054 3530 ut
1077 3469 1211 3547 πύργο.

221 3571 246 3629 0
276 3571 398 3632 aeollcs
428 3575 462 3632 et
493 3573 670 3635 thessalice
700 3572 738 3634 fit
772 3577 798 3632 Τ
819 3575 852 3634 in
876 3570 938 3632 ἀπύ
963 3575 997 3633 et
1021 3572 1105 3633 aliis.
1130 3570 1253 3632 Hoffm.
1278 3571 1309 3630 ΙΙ
1333 3572 1397 3631 339
1423 3587 1470 3644 sq.
1495 3570 1541 3630 De

263 3671 445 3734 Arcadibus
480 3675 514 3734 et
549 3673 676 3750 cypriis
712 3675 751 3736 cf.
787 3676 875 3736 idem
906 3674 922 3733 Ι
956 3675 1017 3735 166
1052 3689 1122 3748 sqq.
1158 3672 1229 3733 Vld.
1266 3670 1542 3752 ἐγκαφοτεύει,

263 3769 475 3850 πέπυσμαι

221 3875 247 3932 0
270 3876 305 3935 et
327 3874 359 3932 52
382 3875 415 3936 in
438 3877 572 3950 papyris
595 3893 666 3951 aeg.
690 3877 814 3951 passim
839 3877 1092 3938 confunduntur.

222 3975 247 4033 Ο
277 3976 377 4037 attice
407 3977 515 4036 variat
545 3993 620 4038 cum
650 3977 725 4036 aliis
756 3977 936 4037 vocalibus.
970 3975 1016 4039 Cf.
1048 3975 1229 4038 Meistsrh.²
1264 3979 1313 4053 13,
1345 3981 1377 4050 7;
1405 3979 1455 4052 17,
1481 3977 1539 4048 21;

264 4077 306 4136 44
329 4091 397 4150 sq.;
422 4078 474 4150 91,

221 4172 239 4236 t
262 4177 476 4238 articulus
500 4177 600 4238 habet
618 4179 772 4253 spiritum
791 4179 901 4240 leuem
921 4180 1006 4254 apud
1022 4179 1212 4255 Thessalos,
1233 4178 1365 4254 AeoleS,
1385 4178 1540 4253 Boeotos,

264 4277 457 4354 Locrenses,
483 4277 672 4355 Cretenses,
697 4279 937 4355 Syracusanos,
963 4280 1055 4341 alios.
1081 4313 1122 4324 -
1147 4279 1275 4340 Passim
1299 4279 1383 4353 apud
1403 4279 1543 4339 seriores

265 4375 280 4438 ὁ
304 4373 343 4454 (ἡ)
366 4377 416 4438 καὶ
439 4382 616 4454 usurpatur
636 4379 779 4454 clliptics
799 4381 924 4441 omisso
943 4381 1115 4456 participio
1135 4384 1321 4457 κακομμινος
1341 4377 1541 4455 (καλουμένη).

265 4479 400 4540 Praeter
433 4482 611 4555 scriptores
641 4480 763 4541 nubem
798 4481 1026 4556 exemplorum
1061 4483 1118 4542 dat
1152 4481 1256 4542 Index
1291 4479 1361 4541 OIA
1392 4481 1456 4541 vol.
1495 4481 1543 4540 ΙΙΙ

266 4595 338 4654 pag.
363 4581 442 4656 388,
466 4581 522 4640 ubi
546 4581 650 4640 semel
672 4575 713 4652 ὃς
735 4579 783 4640 καί
810 4583 896 4643 2842
914 4598 942 4642 a.
969 4615 1011 4623 ψ
1031 4582 1145 4642 Dorice
1170 4597 1246 4642 cum
1265 4581 1416 4656 sequenti
1437 4581 1543 4642 vocali

264 4677 281 4738 ε
307 4663 525 4742 coalescunt
556 4683 579 4739 a
610 4681 735 4743 (ενοι.
760 4683 828 4760 σοι,
861 4685 898 4744 οι
928 4680 968 4754 ος
1000 4682 1134 4744 preter.
1167 4685 1180 4743 1
1205 4685 1257 4744 ea.
1283 4683 1403 4758 οιοφος
1427 4682 1442 4741 1
1469 4683 1541 4759 ιον,

267 4779 379 4859 ὥριφος
409 4783 436 4840 V
469 4784 520 4858 24,
552 4779 618 4861 mysi
649 4785 681 4844 ΙΙ
705 4786 757 4860 54,
782 4799 840 4859 pro
862 4781 1056 4862 τοῦγκυκλον,
1078 4787 1134 4846 Ar.
1159 4787 1235 4860 Lys.
1263 4786 1347 4845 1162
1372 4784 1453 4845 bens
1476 4799 1542 4845 cor·

266 4885 393 4944 rectum
425 4886 477 4944 esi
507 4882 689 4964 τῶγκυκλον;
720 4886 841 4945 ibidem
877 4887 960 4944 1252
992 4884 1206 4964 πρώκρωον
1234 4887 1305 4947 sive
1335 4885 1544 4964 πρῶκροον

267 4999 324 5058 pro
347 4984 554 5063 πρόκροον.
579 4984 625 5046 cl.
651 4985 780 5046 Ahrens
804 4985 835 5045 11
858 5001 909 5063 pp.
937 4987 1009 5048 188.
1036 4987 1110 5064 204,
1136 4988 1191 5065 qui
1215 4988 1340 5052 confert
1363 4995 1543 5070 παμῶχος
