3662 5606
876 418 940 479 476

294 593 416 653 νοίσοοι
438 592 502 655 καί
525 595 591 668 τὰς
615 595 656 657 ἒν
678 606 743 658 ada
766 595 935 680 ἆπιίριοι
966 597 1141 679 ἀναγράψαι
1175 597 1273 670 πάσας
1303 595 1353 658 καί
1384 596 1520 678 ίγθίμειν
1543 597 1572 671 ἔς

293 693 326 754 τὸ
355 693 436 774 ἱερὸν
465 705 516 769 τᾶς
549 700 708 772 Ἀθαναίας
736 697 853 761 {ordior
883 700 1000 761 λιθίναι
1030 698 1119 778 χωρίς
1151 700 1281 771 Χάίκας·
1313 697 1431 776 ἐξήμειν
1462 695 1496 759 δὲ
1521 697 1572 759 καὶ

295 795 463 872 Χαλκήταις
487 795 725 880 ἀναγραφήμειν,
742 801 779 861 αί
793 825 831 862 κα
850 803 1004 882 γρηίζοιντι
1026 799 1085 862 xri.
1109 801 1235 863 Ibidem
1258 801 1280 862 l.
1304 802 1343 863 14
1365 809 1571 861 κτοινᾶται

296 902 452 959 vocantur
479 901 626 962 eiusdem
658 905 835 965 ctoenae
866 905 1060 980 participes:
1093 900 1124 983 ἐγ
1155 898 1187 962 δὲ
1216 911 1328 962 ιααιᾶι
1360 911 1415 961 τοι
1449 911 1571 963 κιοινᾶι

293 996 510 1062 ἀποδεικνύναι
532 1001 602 1074 τοὺς
625 1004 779 1077 κιοινοίτας
803 1005 933 1084 μάοτρον
965 1003 997 1065 ίν
1027 1013 1079 1064 τῶι
1110 1003 1191 1083 ίερῶι
1213 985 1266 1064 τῶι
1290 999 1454 1083 ἁγιωτάτων
1473 1001 1505 1064 ίν
1524 1011 1571 1063 τᾶι

292 1100 407 1160 ιιιοίναι
436 1101 510 1162 κατὰ
539 1101 591 1162 τὸν
622 1103 717 1181 νόμον
746 1103 799 1166 τὸν
829 1113 888 1166 τῶν
905 1101 1035 1166 Ῥοδίαν.
1067 1105 1186 1166 Terrae
1208 1106 1317 1181 potius
1339 1120 1438 1180 quam
1462 1105 1572 1181 populi

293 1202 410 1264 divisio
434 1219 508 1266 esse
530 1205 668 1282 videtur,
693 1207 804 1282 populi
828 1209 997 1268 contrairi
1020 1207 1072 1267 tit.
1097 1207 1162 1268 695
1185 1206 1263 1267 ibid.
1286 1205 1404 1282 ιιάτραι.

338 1304 375 1364 In
409 1306 531 1368 seriore
564 1307 777 1383 inscriptione
805 1323 891 1370 saec.
916 1325 945 1370 a.
970 1307 1003 1370 Ο.
1035 1308 1132 1383 primi
1163 1307 1277 1369 rhodia
1304 1307 1424 1368 ibidem
1458 1307 1570 1382 luae

294 1405 413 1482 legitur
443 1405 687 1485 ἐστεφανωμένου
717 1407 777 1470 ὑπὸ
810 1410 939 1471 Martae
969 1417 1178 1470 κτοινετᾶν
1208 1410 1276 1474 (sic)
1300 1407 1458 1485 ίρανιοτᾶν
1483 1409 1571 1467 Φιλο-

293 1507 446 1584 κραιιίαι,
469 1504 522 1568 ubi
546 1509 586 1572 oi.
610 1511 707 1586 prior,
732 1511 867 1573 sibene
891 1512 1033 1586 correxi,
1057 1511 1216 1585 Hesycbii
1239 1509 1425 1586 explicatio.

338 1609 440 1670 Extra
467 1611 595 1686 imperti
624 1612 728 1672 rhodii
751 1611 833 1673 flues
856 1618 972 1673 κιοῐιαι
995 1613 1163 1686 hucusque
1186 1611 1308 1672 saltem
1331 1626 1396 1672 non
1421 1611 1576 1670 inventae

294 1712 386 1786 sunt,
411 1711 459 1771 ita
480 1715 518 1772 ut
540 1727 603 1785 quo
626 1713 790 1788 pertineat
813 1713 918 1776 altera
940 1715 1048 1776 iorma
1070 1712 1192 1772 κτύνα
1215 1715 1309 1786 (quae
1332 1711 1480 1772 boeotica
1503 1725 1575 1772 esse

295 1812 416 1886 posset)
440 1813 599 1887 ignorem.
623 1813 709 1874 Fieri
731 1817 841 1889 potest
871 1818 907 1876 ut
934 1814 1115 1890 depravata
1137 1813 1183 1873 sIt
1205 1829 1247 1874 ex
1271 1813 1388 1889 altera,
1413 1811 1575 1886 siquidem

295 1913 419 1987 passim
444 1915 472 1973 οἳ
496 1917 530 1976 et
551 1915 573 1973 ῦ
595 1931 615 1976 a
638 1915 780 1977 librariis
804 1917 1056 1977 confunduntur.

251 2007 386 2093 κτύπος.
411 2015 520 2091 ψόφος.
545 2017 768 2097 appelstaim
794 2020 889 2080 1095.
915 2019 958 2079 At
981 2033 1157 2080 commune
1180 2018 1233 2078 est
1255 2033 1303 2092 gr.
1328 2013 1536 2076 vocabulum.

252 2110 393 2177 κοὰθεα
416 2132 474 2192 pro
496 2117 612 2178 ααιίθια
635 2120 668 2178 in
695 2135 774 2181 vase
797 2119 889 2182 fictili
913 2119 982 2181 cie
1007 2120 1125 2180 8345ο
1148 2118 1281 2183 (Kuml.
1597 2117 1598 2121 ’

252 2209 439 2296 κυαμεόειν
465 2217 781 2282 01A11570.129.
804 2221 884 2282 IbId.
909 2218 983 2281 ἀπὸ
1006 2219 1161 2297 κνιίμον
1184 2216 1279 2298 βουλὴ
1300 2223 1355 2284 (sc.
1375 2220 1574 2296 κληρωθεῖοα)
1603 2235 1611 2248 ·

296 2318 316 2378 l.
343 2320 373 2378 9.
397 2320 468 2382 vid.
493 2318 802 2400 &nuncupavistis

252 2411 471 2503 κοαμοινίτης
482 2425 512 2486 (a
523 2423 669 2500 acaprio),
689 2423 865 2485 labarum
885 2423 1019 2484 cultor.
1042 2424 1091 2483 ΡΟ
1102 2423 1145 2483 43
1155 2437 1241 2483 vers.
1255 2421 1302 2480 111
1316 2422 1335 2480 2
1348 2425 1387 2484 (a.
1401 2421 1465 2482 295
1477 2435 1508 2496 p.
1518 2418 1574 2488 0.).

252 2517 472 2604 abeloitae,
493 2523 724 2598 nigricans.
745 2524 897 2599 Bacchyl.
911 2524 975 2585 XII
989 2525 1051 2584 124
1064 2539 1112 2598 sq.
1125 2523 1173 2584 Bl.
1187 2519 1219 2581 ἐν
1231 2519 1400 2582 ιααιναιθέι
1413 2555 1453 2564 -
1467 2519 1575 2602 ιιόιιῳ.

252 2616 559 2706 κοανοτλίκαμος,
585 2627 722 2702 nigris
745 2626 931 2703 capillis.
952 2626 1106 2701 BaccbyI.
1128 2626 1154 2683 V
1175 2626 1227 2684 33.
1248 2623 1326 2684 VIII
1345 2625 1397 2686 ba.
1419 2623 1449 2682 X
1470 2621 1575 2683 8331.

297 2721 499 2785 Vocabulum
524 2742 724 2789 noveramus
748 2743 766 2788 e
789 2727 908 2804 Quinto
932 2727 1125 2802 Smyrnaeo.

252 2817 510 2908 deuocatus:
525 2829 714 2906 Honorando
738 2829 847 2904 Cynici
870 2831 904 2890 et
928 2829 1028 2890 Sami.
1053 2827 1099 2890 Oi.
1125 2827 1247 2889 Hodm.
1272 2825 1321 2886 III
1344 2826 1420 2887 542.

252 2918 354 3006 κόοιμ·
384 2925 417 2987 τὸ
447 2936 498 3006 τῆς
529 2928 657 3009 ῥαφίδος
688 2939 791 3008 τρῆμα.
816 2930 856 2991 Η.
889 2930 1043 3006 Hippocr.
1075 2929 1114 2990 de
1145 2928 1236 2990 victu
1267 2927 1300 2988 ln
1324 2926 1448 2988 morbis
1470 2925 1577 2987 acutis

298 3042 327 3100 p.
352 3028 428 3105 406,
442 3030 495 3090 42.
519 3031 554 3094 et
570 3031 610 3092 de
629 3033 733 3094 morb.
754 3033 784 3108 2,
804 3048 835 3107 p.
852 3032 929 3108 471,
942 3031 983 3091 51
1004 3033 1039 3092 et
1058 3031 1110 3091 53.
1127 3063 1167 3072 -
1180 3030 1250 3091 Sec.
1272 3027 1352 3088 Poll.
1366 3027 1398 3088 II
1410 3029 1452 3088 85
1473 3027 1575 3088 etiam

270 3143 277 3160 ·
297 3125 329 3186 τὸ
354 3123 436 3202 ἐντὸς
459 3139 512 3191 τοῦ
536 3132 726 3210 τρυπήματος
750 3140 802 3193 τοῦ
827 3128 909 3204 ὠτός.

254 3224 426 3311 κοβάβδοι·
450 3223 531 3308 αίμα.
554 3235 756 3313 Ἀμαθούσιοι.
781 3234 820 3294 Η.
848 3235 1044 3308 Suspectum
1068 3233 1141 3294 vitii
1166 3232 1376 3308 vocabulum,
1402 3233 1489 3291 certe
1512 3245 1576 3289 non

297 3345 433 3404 graecae
463 3335 608 3409 originis.
641 3336 705 3397 Fac
734 3327 807 3413 alpe
831 3349 905 3396 esse
928 3334 1194 3409 dittograpbema
1217 3333 1386 3407 sequentis
1409 3329 1484 3406 ῖῐμΓα,
1507 3330 1575 3389 ludi

298 3434 419 3506 possit:
444 3432 549 3516 κῦβοι·
572 3437 680 3516 abdia.
704 3437 912 3516 apscedam,
935 3437 992 3498 sed
1016 3436 1097 3497 nibil
1122 3436 1204 3496 certi
1228 3435 1384 3496 extundo.

254 3525 381 3614 κύββα.
407 3534 478 3596 Vid.
502 3538 611 3617 κύμβα.

255 3630 436 3716 κυβερνᾶν.
461 3637 531 3699 Vid.
555 3647 786 3718 ιαμιρῆιαι.

254 3731 476 3818 κοβὲμνοιοις,
500 3739 763 3818 κυβερνάτας,
784 3738 1035 3819 κυβιρναιήρ
1058 3739 1167 3801 dorice
1190 3737 1364 3813 Pindarus,
1385 3735 1443 3796 sed
1463 3738 1577 3795 contra

299 3837 476 3900 dialectum
489 3843 651 3920 peccavit,
665 3844 694 3904 ei
706 3859 733 3904 e.
747 3843 796 3918 II,
813 3841 1029 3916 Bacchylides
1039 3842 1188 3902 scribens
1207 3836 1454 3918 κυβερνήτας
1474 3847 1540 3908 (⁴⁰¹
1550 3837 1577 3898 ν)

301 3939 347 3998 XI
374 3943 402 4002 1.
427 3942 455 3999 V
479 3943 531 4018 27,
557 3947 647 4006 recte
671 3947 786 4006 contra
808 3944 1060 4022 κυβεριομις]
1086 3942 1176 4002 dedit
1198 3940 1279 4000 XIII
1305 3939 1355 4000 10.

256 4035 428 4124 κυβεύειν,
453 4040 632 4128 κοβευτὴς.
656 4045 728 4106 vid.
753 4043 1029 4123 τρηματικτάς.

256 4139 407 4227 κοβήβη·
430 4179 468 4187 -
495 4143 675 4222 ὑποδήματα
696 4143 779 4223 παρὰ
806 4143 947 4222 Ἀρκάσιν.
972 4144 1013 4206 Η.

255 4239 418 4329 κθβίστὴς
430 4250 465 4317 (P)
479 4263 537 4323 pro
549 4247 727 4326 κνβιστιγτής
740 4247 773 4308 in
786 4260 865 4307 vase
878 4247 980 4308 attico
994 4245 1071 4306 GN.
1084 4259 1114 4320 p.
1128 4245 1188 4305 88:
1208 4247 1304 4314 καλῶς
1323 4251 1374 4301 τῶι
1393 4263 1439 4302 κν
1447 4242 1467 4320 β
1475 4240 1488 4299 ί
1494 4257 1532 4299 σι
1542 4263 1577 4318 ηι

301 4368 374 4422 τοι,
409 4364 491 4423 quae
522 4349 738 4410 Kretsobmer
768 4349 870 4409 vertit
903 4347 1050 4423 „bravo
1075 4346 1163 4406 dem
1188 4344 1498 4405 Kunstreiter”.
1534 4344 1579 4403 At

300 4465 405 4525 neque
424 4454 495 4512 tam
515 4453 650 4526 antiquo
668 4455 816 4528 tempore
835 4450 947 4511 omitti
966 4448 1073 4524 potuit
1093 4448 1163 4507 iota
1180 4445 1283 4506 dativi
1301 4461 1405 4519 neque
1417 4443 1579 4520 particula

300 4573 344 4610 τοι
375 4553 423 4613 sic
452 4554 538 4627 poni.
563 4554 627 4613 Vix
658 4554 771 4615 dubito
801 4553 878 4628 quin
902 4549 1037 4627 pictoris
1060 4548 1205 4609 hominis
1227 4546 1443 4608 semibarbari
1465 4545 1578 4621 lapsus

302 4655 347 4713 Sit
370 4669 428 4730 pro
451 4656 691 4733 κυβιστητῆι.

258 4749 405 4834 κοβιτόν·
429 4752 445 4815 ὁ
469 4753 577 4834 ἀγκών.
602 4757 642 4816 H.
663 4789 702 4800 -
725 4759 848 4830 Δωριεῖς
871 4751 904 4814 δὲ
927 4752 959 4813 ot
981 4749 1013 4811 ίν
1036 4749 1158 4832 Σικελίᾳ
1181 4748 1347 4826 κύβιτον
1370 4749 1448 4811 (sic).
1473 4746 1578 4807 Rufus

301 4855 460 4931 Ephesius
483 4858 523 4917 de
546 4857 821 4934 appellationibus
841 4855 985 4932 corporis
1008 4852 1146 4913 humani
1166 4852 1196 4911 3.
1219 4851 1259 4910 29
1281 4851 1330 4910 ed.
1351 4849 1474 4911 Olinclr.
1494 4848 1579 4909 Hinc

303 4957 496 5034 κυβιτίζω·
521 4963 582 5030 τοῖς
606 4957 718 5036 ἀγκῶσι
738 4957 914 5034 ττίήττοιᾙ.
928 4956 1155 5032 Epicharmus·
1176 4951 1223 5014 Of.
1244 4951 1317 5012 Rus.
1332 4952 1352 5011 l.
1367 4951 1386 5011 l.
1409 4953 1442 5010 et
1460 4949 1578 5010 Pollux
