3656 5594
836 433 901 494 605

207 609 288 692 οόζέ
310 631 368 691 pro
392 611 464 675 odil
488 615 567 678 Elei.
591 615 663 678 Vid.
690 617 714 674 Ζ
737 631 795 692 pro
821 619 855 674 A.

207 712 554 802 οὐθαμείι-οίίομῇ.
579 719 730 794 Epidaur.
755 718 810 779 GD
835 718 933 794 3340,
957 718 1009 778 22.

207 806 335 900 οὖθαρ,
356 818 475 896 (Hom,
498 819 628 897 doech,
650 821 727 881 Her.
749 820 794 880 IV
819 821 859 895 2),
885 819 996 894 uber,
1019 818 1058 880 ab
1079 819 1181 880 attico
1201 832 1354 879 sermone
1373 817 1529 879 alienum.

251 920 446 982 Aristoteles
469 921 570 982 etiam
594 921 634 983 de
656 921 772 984 bestiis
794 919 903 998 μοοτός
926 920 1070 982 adhibet.

207 1013 325 1096 οὐθείς
345 1056 386 1066 -
407 1016 525 1102 οὐθὲν,
545 1023 688 1101 μηθείς
708 1057 748 1068 -
769 1019 895 1100 μηθέν
917 1025 990 1083 tota
1009 1022 1145 1084 Graecia
1164 1021 1239 1083 inde
1258 1037 1375 1084 aeneo.
1388 1021 1529 1082 IVextr.

251 1138 280 1184 a.
309 1121 343 1185 0.
375 1125 439 1186 dici
469 1126 616 1208 coepisse
646 1127 814 1188 testantur
839 1125 943 1200 tituli,
968 1125 1022 1200 qui
1046 1127 1158 1184 tamen
1183 1125 1375 1186 constanter
1396 1125 1532 1185 seruant

251 1222 376 1302 οὐδεμία
396 1229 430 1287 et
450 1225 586 1304 μηδεμία.
607 1225 653 1288 Gi.
674 1227 710 1288 d.
732 1227 841 1302 Meyer
860 1226 914 1287 Gr.
931 1241 979 1301 gr.
999 1225 1104 1302 3212,
1128 1218 1310 1286 Meisterh.²
1325 1226 1378 1300 80,
1393 1225 1457 1285 218
1469 1239 1529 1301 sq,

251 1327 445 1406 Schweiner,
470 1328 523 1389 Gr.
548 1329 578 1389 d.
598 1329 691 1404 Perg.
712 1329 833 1390 insohr.
857 1329 919 1389 112
932 1343 980 1402 sq.
1001 1328 1087 1389 Hinc
1106 1327 1196 1388 tituli
1215 1327 1354 1388 boeotici
1374 1325 1533 1387 exhibent

251 1427 408 1505 μειοίκ,
431 1429 607 1506 perorat,
630 1427 805 1508 μειθίκα.
829 1429 876 1491 01.
898 1430 1145 1491 Meister1221.
1166 1429 1300 1490 Praeter
1316 1427 1530 1489 Aristotelem

251 1531 357 1590 utitur
391 1531 576 1608 Menander,
613 1549 643 1593 v.
672 1548 698 1594 c.
733 1533 766 1594 in
802 1547 888 1593 novo
924 1529 1174 1611 Περικεκρομίνης
1204 1532 1390 1608 fragmento
1421 1530 1471 1588 ΡΟ
1500 1529 1531 1588 ΙΙ

250 1646 280 1706 p.
319 1635 358 1693 15
393 1647 453 1708 so,
489 1635 541 1694 cui
577 1634 695 1710 ubique
730 1634 790 1696 hae
825 1634 952 1696 formae
986 1635 1129 1711 (saepius
1164 1650 1181 1695 e
1213 1635 1316 1701 codd.)
1346 1633 1531 1695 reddendae

250 1733 412 1794 videntur.
439 1767 479 1776 -
504 1735 633 1796 Passim
658 1735 814 1810 leguntur
836 1736 871 1796 in
894 1736 1038 1812 papyris.
1574 1815 1577 1824 ‚

208 1825 383 1915 οὐλκάρτος
398 1833 562 1913 Καίσαρος,
585 1837 775 1898 vicarius
799 1836 1010 1898 Caesaris.
1032 1839 1079 1896 ΡΒ
1100 1837 1259 1912 102,11ο.
1277 1837 1359 1904 138).
1373 1837 1531 1898 scribitur

252 1936 351 1995 etiam
377 1935 568 2014 βτκοίριος.
594 1937 641 2000 01.
666 1938 836 2013 Sophoclis
859 1938 925 2000 lex.
950 1954 977 1999 s.
1002 1955 1032 2000 ν.

208 2028 414 2119 οὐτκὴοιμα,
438 2039 677 2100 vicensima
701 2039 876 2114 (vectigali.
902 2041 949 2098 ΡΒ
973 2041 1047 2115 388,
1073 2041 1104 2100 i.

208 2129 446 2219 οὐτοοικτάριοτ
473 2141 672 2202 manumissi
702 2155 760 2215 par
789 2141 972 2202 vindictam
1002 2141 1073 2201 iure
1106 2155 1243 2201 romano
1274 2141 1307 2200 in
1342 2139 1531 2202 civitatibus

251 2241 378 2312 graecis
408 2242 693 2318 distinguebantur
730 2243 771 2303 ab
801 2239 1013 2320 ἀπελευθέροις
1043 2257 1135 2302 more
1165 2256 1282 2317 graeco
1314 2243 1530 2304 manumissis

251 2339 285 2400 in
304 2341 422 2403 titulis.
443 2344 641 2421 Mommsen,
662 2343 822 2406 zeitschr.
841 2345 863 2405 f.
883 2343 1119 2419 Rechtsgesoh.
1137 2342 1246 2404 XXIV
1262 2359 1292 2418 p.
1306 2345 1381 2420 304,
1395 2344 1529 2420 Mitteis,

251 2441 466 2505 Reichsrecht
489 2446 555 2506 und
578 2445 785 2522 Volksrecht,
809 2462 840 2522 p.
868 2448 940 2522 103,
969 2447 1041 2522 182,
1066 2447 1142 2507 377.

209 2535 285 2605 οὐκί
315 2543 562 2626 ionice=od2t
593 2549 671 2610 Her.
703 2548 718 2608 1
751 2548 822 2623 132,
851 2549 912 2607 133
937 2551 970 2608 et
993 2562 1101 2623 saepe.
1126 2547 1221 2622 Apud
1244 2547 1434 2609 Herondam
1459 2565 1530 2612 con-

251 2647 379 2707 stanter
409 2649 568 2710 traditum
600 2649 672 2728 οὐχί.
708 2649 893 2724 Utrumque
928 2649 1102 2725 distinguit
1132 2649 1255 2710 Hoffm.
1287 2649 1335 2710 111
1369 2651 1432 2712 801
1469 2667 1529 2728 sq,

251 2746 331 2808 illud
363 2763 564 2825 componens
595 2766 671 2812 cum
700 2749 839 2828 κολλάκτ,
869 2752 931 2813 hoc
963 2766 1038 2812 curn
1061 2751 1176 2811 redico
1200 2751 1318 2811 nra-hi
1341 2753 1362 2813 1.
1388 2769 1415 2814 ο.
1439 2767 1529 2814 non.

251 2848 296 2909 At
318 2849 358 2910 cf.
383 2847 573 2910 δέκεσθαι
586 2876 628 2901 =
641 2847 789 2928 δέχεσθαι.

209 2941 317 3028 οὔκω,
338 2943 452 3026 οὕτως
469 2953 575 3015 ionice
595 2953 781 3014 Herodotus
794 2976 836 3001 =
849 2949 950 3030 οὕτω,
968 2950 1069 3026 οὕτως
1089 2959 1142 3020 (=
1156 2951 1318 3031 οὐδαμῶς).
1339 2953 1386 3015 01.
1407 2955 1529 3016 Hoffm.

252 3051 298 3110 ΠΙ
323 3053 387 3114 595
410 3069 459 3128 eq.

209 3144 320 3216 οὔκων
333 3178 375 3204 =
388 3152 510 3216 οὔκουν.
534 3157 731 3218 Herodotus.
755 3155 827 3218 Vid.
852 3149 903 3216 ὧν.

209 3247 310 3318 oblat
340 3258 534 3320 ion.=att.
565 3255 632 3318 ὀλοί
661 3265 713 3324 (ex
744 3255 857 3336 ὀλίαί),
887 3259 985 3320 Hom.
1017 3257 1182 3338 οὐλοχοταί.
1211 3259 1328 3322 Heni
1355 3263 1427 3322 132.
1456 3262 1528 3323 180.

253 3357 406 3435 Hippocr.
431 3359 558 3433 οὐλάς·
582 3361 691 3442 κριθάς
714 3362 859 3423 Erotion.
887 3363 961 3439 104,
989 3363 1017 3422 1.
1043 3360 1089 3423 01.
1114 3357 1335 3440 ὀλβοχόϊοκ.

209 3451 365 3542 οόλοιμίς
399 3463 519 3534 (Hom.)
548 3479 618 3525 voc.
649 3464 834 3527 laconicum
855 3489 897 3515 =
917 3463 974 3543 11η.
1004 3465 1090 3526 Plut.
1125 3465 1200 3540 Lyc.
1235 3466 1276 3526 23
1308 3458 1385 3525 εἶναι
1416 3461 1448 3525 δὲ
1478 3465 1530 3527 τὸν

254 3560 430 3637 οὐλαμὸν
466 3599 506 3609 -
542 3562 657 3626 ἱκετέων
691 3565 875 3644 πεντήκοντα
909 3565 942 3627 τὸ
975 3569 1108 3644 πλῆθος,
1142 3563 1174 3624 ἐν
1204 3567 1375 3652 τετραγώνῳ
1405 3567 1529 3646 σχήματι

252 3661 438 3744 τεταγμένον.
460 3667 506 3729 Ut
528 3666 576 3746 ἴλη
599 3669 787 3730 derivatum
811 3685 831 3730 a
854 3669 953 3732 verbo
976 3667 1063 3728 ελλεῖν
1087 3666 1200 3744 (ἔλλειν,
1223 3667 1333 3734 hiero).

209 3757 328 3842 οὔλας·
352 3766 470 3843 ἔλαφος.
494 3769 643 3831 Αἰτωλῶν.
668 3773 723 3830 ΒΑ
747 3772 842 3833 1095.

209 3860 371 3951 οὔλημις,
391 3871 538 3945 ignotum
559 3875 593 3933 et
613 3873 788 3934 obscurum
808 3873 1020 3950 vocabulum,
1041 3873 1173 3950 saepius
1191 3872 1312 3948 legitur
1331 3874 1382 3931 PK
1394 3872 1530 3935 CXXXI

254 3973 331 4032 rect.
356 3969 441 4049 (78l9
464 3989 495 4048 p.
520 3973 573 4050 0.),
599 3990 629 4037 v.
655 3989 681 4034 c.
706 3975 781 4034 282.
807 3975 881 4036 293.
906 3977 967 4036 etc.

210 4066 416 4150 οὸλτοιζίεις.
447 4075 608 4136 Headlam
637 4076 784 4137 restituit
814 4075 860 4138 Ol.
892 4077 972 4138 Rev.
1007 4077 1101 4152 1901,
1132 4077 1172 4137 18
1202 4076 1319 4138 Aesch.
1343 4077 1382 4138 fr.
1407 4078 1482 4154 206,
1509 4079 1528 4139 2

253 4169 349 4238 ch.²
389 4175 641 4250 κούλιοιζόεις
684 4175 773 4254 ἆτμοί
811 4195 868 4254 pro
907 4185 979 4238 κοῦ
1014 4176 1078 4237 διὰ
1113 4176 1203 4254 ζόης
1241 4179 1338 4254 ,and
1373 4179 1529 4254 deadly

253 4278 513 4354 scorching'’,
553 4279 593 4339 de
631 4279 750 4355 plurali
788 4280 895 4340 forma
934 4279 1105 4341 conferens
1143 4279 1298 4356 Nicandri
1331 4280 1426 4341 Alex.
1464 4281 1528 4342 286

254 4374 409 4452 ἀμπελόεις
432 4376 543 4454 ἕλικας,
566 4381 630 4441 293
654 4381 755 4452 πόσιος
778 4379 977 4458 φαρμακόεις,
999 4381 1038 4442 fr.
1064 4382 1116 4457 74,
1143 4383 1184 4441 26
1208 4379 1332 4451 κάλυκες
1355 4377 1483 4460 ἀργήεις.

210 4471 326 4554 οὔλιος
338 4505 380 4528 =
394 4472 496 4556 οὖλος,
516 4483 692 4558 crispus.
713 4482 865 4557 Bacchyl.
878 4481 971 4542 XVII
984 4483 1025 4543 53
1039 4481 1087 4542 Bl.
1101 4479 1204 4541 οὔλιον
1219 4478 1372 4540 Θεσσαλὰν
1384 4482 1528 4559 χλαμύδα.

210 4574 361 4664 οὖλίρλος
382 4583 454 4660 (810,
479 4598 522 4645 ex
544 4574 632 4655 οὖλος
655 4587 689 4645 et
712 4582 803 4658 ἔριον)
825 4583 921 4662 χιτών.
947 4584 995 4642 ΡΟ
1021 4584 1093 4658 109,
1122 4584 1172 4643 17.

211 4677 479 4768 οόλομὲτΙρτονῖ]
503 4681 642 4762 ἡμίεκτον
665 4682 811 4762 ἑκατέρων
835 4683 875 4745 10
898 4686 951 4761 39,
977 4687 996 4746 5
1024 4717 1061 4726 --
1090 4700 1129 4760 ,a
1152 4699 1304 4744 measure
1328 4683 1363 4744 oi
1378 4684 1467 4745 meai
1485 4717 1528 4728 -

255 4801 275 4846 a
297 4785 407 4862 gallon
430 4787 508 4848 both
533 4787 569 4847 ο1
589 4788 700 4848 wheat
722 4787 786 4847 and
808 4786 954 4861 barley‘’.
978 4786 1093 4847 Paton.

211 4874 325 4963 οὖλος.
346 4889 489 4950 Herond.
503 4887 580 4948 VIII
599 4889 642 4949 43
661 4886 703 4965 μή
721 4887 750 4948 τί
772 4882 799 4946 c'
825 4921 866 4932 -
879 4884 953 4971 οὔλῃ
968 4922 1008 4932 -
1025 4897 1119 4972 (cp)
1143 4886 1302 4971 βακτηρίᾳ,
1319 4887 1375 4948 ubi
1395 4887 1529 4950 drusius

259 5006 343 5067 ,non
371 4993 461 5053 toto
484 4991 543 5054 (sic
566 4989 755 5054 Buecheler)
779 4990 907 5068 baculo,
929 4991 986 5052 sed
1010 4993 1068 5052 aut
1091 5006 1235 5052 crasso
1259 4991 1317 5051 aut
1339 4991 1528 5068 nodoso”,
