3710 5604
921 409 985 469 348

291 579 375 668 ἥβη·
400 621 439 630 -
465 586 516 648 καὶ
538 586 677 666 ἄμπελος.
701 593 742 654 Η.
768 595 843 656 Soli.
867 596 1001 660 Theoor.
1016 599 1044 657 V
1059 601 1121 660 109
1145 600 1184 661 de
1208 601 1331 661 ultibus
1354 601 1449 660 dicit:
1473 595 1530 657 ἐντὶ
1555 594 1611 676 γὰρ

335 677 422 764 ipat,
444 691 502 750 sed
526 706 603 752 cum
627 708 658 754 v,
682 694 704 756 l.
729 686 814 774 αὖοι,
837 713 920 772 quae
943 699 1014 760 iure
1037 701 1161 776 placuit
1184 702 1385 763 Hermanno.
1410 699 1482 761 Vid.
1505 699 1573 777 ἅβα.

289 781 399 868 ἠβίων
429 789 575 868 (-ίοντες),
602 790 772 873 ἠβίονσο
803 801 881 864 locvl
914 799 1199 880 οῐθῐίοθτὴβῶν,
1228 797 1333 881 ἡβῶσα
1363 802 1417 863 Li}
1440 802 1525 863 VIII.
1552 799 1608 860 IX.

334 887 392 950 xi.
415 891 488 953 vio.
512 895 580 953 ΝΣ.

286 985 408 1070 Ἤβων
438 995 559 1067 (ονος).
591 997 780 1060 Iuventutis
810 1001 904 1078 deus,
940 1003 1049 1065 cultus
1080 1005 1215 1081 Neapoli
1252 1021 1273 1066 a
1310 1005 1494 1066 iuvenibus.
1529 1001 1611 1062 iusi

335 1093 410 1154 716.
436 1097 510 1157 717.
533 1098 715 1174 Utrobique
738 1100 810 1175 θεὸς
834 1100 1066 1180 ἐπιφανέστατος
1089 1107 1219 1168 dieitur.
1494 1115 1497 1120 ’

289 1186 436 1274 ἠγάνεα·
466 1193 604 1276 πέμματα
632 1199 668 1260 τὰ
698 1199 758 1262 ἀπὸ
789 1204 931 1284 τηγάνου.
959 1207 999 1268 H.
1025 1207 1071 1268 oi.
1096 1209 1173 1270 Aur.
1197 1208 1242 1268 VI
1265 1208 1361 1268 2291)
1384 1211 1418 1268 ei
1440 1206 1547 1268 Nabar
1569 1205 1609 1264 ad

334 1294 427 1357 Phot.
458 1313 485 1360 s.
511 1315 541 1360 v.
570 1303 720 1381 ταγηνίας.
749 1305 867 1368 olossa
889 1309 942 1368 est
965 1309 1072 1370 ionica
1095 1309 1245 1370 derivata
1267 1326 1287 1370 a
1311 1326 1380 1371 voc.
1404 1307 1608 1388 ἤγανον-τ

332 1396 478 1478 τήγανον,
514 1419 577 1477 quo
612 1406 718 1467 utitur
752 1409 923 1469 Anacreon
958 1410 996 1470 ir.
1030 1411 1082 1472 26.
1115 1411 1336 1472 Athenienses
1370 1415 1404 1471 et
1437 1408 1609 1490 τήγανον

332 1497 486 1562 dicebant
509 1507 543 1565 et
566 1505 747 1586 τάγηνον.
773 1509 819 1571 01.
844 1510 967 1572 Hoffm.
992 1512 1038 1570 ΙΙΙ
1063 1511 1137 1574 338.

287 1593 449 1680 ἠγάνεος·
480 1605 657 1680 aravium?
688 1610 728 1672 H.
756 1609 802 1672 Of.
827 1608 979 1691 ἠγανὲς·
1010 1613 1157 1693 καθαρόν,
1182 1611 1272 1674 vion?
1296 1614 1335 1674 Η.
1361 1613 1507 1674 Gramm.
1533 1614 1608 1670 ΕΜ.

333 1703 412 1778 392,
441 1705 483 1765 37
514 1708 555 1767 ad
587 1711 819 1785 explicandum
851 1711 995 1792 εὐηγενής
1029 1715 1145 1776 scribit
1181 1717 1308 1778 scilicet
1339 1707 1434 1795 ἦγον
1468 1712 1524 1794 γὰρ
1557 1713 1609 1772 τὸν

332 1801 497 1881 εὐδαίμονα
531 1806 669 1888 λέγουσιν
697 1809 835 1884 ”lavati
873 1845 912 1858 -
949 1816 1104 1878 Fortasse
1139 1817 1241 1878 etiam
1276 1816 1402 1898 ἠγάνεος
1437 1819 1471 1878 oi
1500 1812 1608 1895 ἠγανὲς

330 1904 479 1968 eiusdem
504 1913 726 1989 etymologiae
748 1915 857 1990 gratia
880 1931 900 1976 a
922 1919 1151 1992 grammaticis
1173 1921 1361 1994 excogitata
1379 1921 1467 1980 sunt.

286 1999 507 2087 ἡγεμονεόειν
531 2013 595 2075 lon.
620 2018 653 2075 et
677 2019 762 2091 poet.
777 2040 819 2064 =
832 2012 987 2096 ἡγεῖσθαι,
1004 2015 1105 2097 ἄρχειν
1123 2021 1249 2095 passim
1267 2021 1387 2096 legitur
1405 2021 1491 2096 apud
1510 2019 1607 2080 Hero-

331 2107 461 2186 dotum,
485 2115 593 2176 rarius
616 2117 649 2176 in
673 2133 771 2192 prosa
793 2120 905 2182 attica.

287 2201 461 2294 Ἡγεμόνη
487 2210 629 2294 Ἄρτεμις.
660 2217 729 2280 01Α
761 2219 805 2278 IV
829 2221 863 2296 2,
899 2222 983 2283 1663
1003 2238 1030 2282 ο.
1060 2221 1106 2284 Oi.
1138 2223 1219 2284 Poll.
1244 2222 1319 2282 VIII
1346 2224 1418 2283 106.
1442 2223 1538 2282 Faus.
1561 2221 1607 2281 IX

333 2309 389 2385 35,
416 2312 446 2372 2.
472 2347 512 2358 -
537 2318 694 2396 Ἀφροδίτη
717 2316 892 2400 ἡγεμόνη
916 2331 969 2382 τοῦ
994 2323 1101 2399 δήμου.
1125 2323 1194 2386 ΟΙΑ
1218 2324 1262 2382 IV
1286 2325 1319 2400 2,
1347 2323 1473 2384 11611).

287 2405 486 2496 ἡγεμονίαι,
509 2421 640 2492 „partes
659 2421 825 2483 exercitus
844 2439 887 2484 ex
908 2425 1025 2498 quibus
1044 2441 1143 2486 suum
1162 2441 1308 2500 quaeque
1326 2421 1457 2506 ἡγεμόνα
1477 2424 1607 2485 habct'’.

331 2511 434 2574 Iusor.
467 2519 527 2578 att.
559 2535 588 2580 a.
622 2519 722 2600 eolla
755 2539 783 2584 a.
809 2523 842 2588 0.
868 2541 918 2600 ap.
942 2521 1104 2588 Dittenb.²
1126 2528 1202 2604 497,
1229 2529 1268 2586 21
1293 2526 1363 2600 τοὺς
1386 2521 1440 2603 μὲν
1463 2522 1606 2604 βουλομέ-

331 2635 403 2685 νους
427 2619 640 2696 στρατεύεσθαι
664 2623 822 2702 διώικηοεν
846 2624 925 2699 ὅπως
949 2623 988 2686 io
1011 2635 1275 2708 καταχωρισθῶσιν
1299 2627 1331 2689 ἕν
1353 2624 1533 2709 ἡγεμονίαις.

286 2708 426 2795 ἡγεμὼν
458 2713 660 2804 ἀμφοτέρων
691 2727 740 2785 ΡΟ
771 2727 786 2786 Ι
818 2729 873 2806 39,
907 2733 940 2805 6,
973 2745 1071 2804 quem
1100 2731 1244 2792 editores
1275 2731 1459 2806 Aegypti
1491 2744 1604 2804 supe·

331 2819 459 2880 rioris
483 2827 523 2884 et
546 2824 771 2888 inferioris
794 2831 1063 2904 praesectum
1087 2847 1160 2894 esse
1184 2834 1316 2910 putant,
1338 2831 1488 2892 Wilckeu
1511 2830 1547 2890 O.
1568 2829 1604 2890 6.

331 2918 345 2976 I
368 2935 399 2994 p.
424 2923 489 2984 426
514 2926 778 3000 praelectum
802 2930 1101 2994 Alexandreae
1124 2937 1163 2994 et
1187 2933 1384 3009 Aegypti,
1410 2935 1447 2993 ut
1470 2931 1503 2992 0.
1528 2930 1599 2991 Gor·

330 3020 436 3084 nelius
470 3025 582 3088 Gallus
616 3030 708 3091 audii
741 3031 775 3091 iu
809 3032 922 3094 Philae
957 3035 1186 3111 inscriptione,
1218 3035 1501 3112 interpretandum
1533 3047 1605 3092 esse

329 3126 451 3186 mouet.
482 3120 619 3208 Ἥγεμών
653 3131 851 3207 Lagidarum
887 3138 1009 3213 aetate,
1046 3137 1102 3198 ubi
1136 3137 1219 3198 nihil
1254 3137 1393 3214 additur,
1430 3135 1605 3196 honoris

329 3237 456 3287 causa
478 3229 644 3292 salutatur
665 3235 883 3315 magistratus
907 3239 962 3312 qui
981 3237 1134 3299 civilibus
1157 3241 1289 3314 praeest
1310 3237 1466 3313 negotiis,
1491 3249 1603 3311 quare,

329 3323 384 3384 ubi
423 3329 476 3389 est
517 3330 585 3392 dux
617 3334 788 3414 militaris,
825 3342 963 3400 vocatur
1001 3334 1153 3419 ἡγεμὼν
1193 3333 1250 3400 ἐπ’
1291 3337 1459 3418 ἀνδρῶν,
1492 3337 1604 3398 simili·

328 3427 443 3502 terque
473 3431 720 3510 distinguuntur
743 3436 939 3518 ἱππάρχης
964 3443 1029 3516 (qui
1052 3458 1165 3503 merus
1189 3444 1240 3502 eet
1262 3441 1390 3504 titulus)
1414 3442 1447 3501 et
1469 3437 1603 3514 ἱππάρ-

329 3549 396 3604 ioc
431 3525 486 3589 ἐπ’
523 3530 691 3614 ἀνδρῶν,
727 3541 762 3600 ut
796 3541 961 3603 intellexit
996 3544 1123 3618 Peyron
1158 3543 1197 3604 ad
1233 3543 1267 3604 P.
1299 3543 1334 3604 Τ.
1365 3557 1437 3617 pag.
1470 3542 1511 3602 75
1543 3555 1602 3615 so,

329 3629 383 3701 qui
413 3630 533 3696 ibidem
564 3641 679 3700 mouet
707 3641 747 3702 de
777 3641 851 3704 aliis
881 3645 1132 3719 magistratibus
1164 3660 1254 3706 mere
1285 3643 1439 3704 titulariis
1469 3643 1503 3702 in
1529 3643 1604 3701 aula

328 3734 531 3808 aegyptiaca.

284 3823 520 3914 ἠγροιμμὲνος.
544 3837 629 3901 Cret.
653 3842 686 3902 in
712 3843 822 3905 Museo
845 3845 918 3907 Ital.
943 3848 974 3906 II
997 3863 1028 3923 p.
1056 3847 1116 3908 157
1142 3862 1174 3908 n.
1198 3849 1247 3923 10,
1270 3848 1288 3906 3
1314 3843 1514 3926 ὴγραμμενᾱν.
1534 3845 1601 3905 Del.

333 3934 406 4016 117,
430 3937 450 3998 4
475 3935 680 4020 τ’]γραμμένονς
702 3945 786 4006 BOH
812 3949 907 4010 1885.
931 3949 961 4008 A
987 3951 1037 4012 12.
1062 3951 1134 4010 Vid.
1158 3949 1189 4009 H
1213 3951 1491 4024 augmentum.

284 4027 423 4117 ἦῖὓςῖ
436 4038 546 4120 airola,
568 4043 588 4104 1.
613 4061 641 4106 6.
666 4045 754 4124 αἰξίν,
776 4049 888 4112 Boeoi.
914 4049 967 4110 GD
992 4051 1072 4128 490,
1097 4053 1117 4111 4
1137 4039 1298 4130 προβάτοις
1317 4051 1374 4110 σὺν
1392 4045 1467 4128 ἤγος
1486 4048 1601 4127 pelling.

328 4135 612 4206 Vm.Damvus

283 4231 463 4322 Ἠὀάλιον,
487 4259 552 4306 non
572 4241 710 4327 Ἰδάλιον,
733 4253 923 4315 constanter
946 4255 1045 4316 inscr.
1070 4256 1211 4331 cypriae.
1230 4288 1273 4298 —
1290 4249 1514 4331 ’Histania
1536 4252 1601 4313 dat.

327 4338 387 4401 loc.
413 4343 514 4406 1356
537 4347 578 4408 31
604 4349 726 4413 Hoffm.

283 4432 507 4528 pilea=iiia
531 4449 640 4512 ionice
664 4455 749 4529 apud
774 4455 987 4519 Herodotum.

283 4535 435 4622 ἣδεσθαι
465 4563 540 4610 cum
571 4567 681 4629 praep.
713 4557 788 4616 κατά
818 4560 871 4621 vel
896 4557 928 4620 ἐν
951 4577 1009 4637 pro
1033 4561 1145 4624 dativo
1170 4560 1222 4624 vel
1243 4576 1302 4638 pro
1326 4556 1374 4620 lul
1397 4575 1423 4620 c.
1444 4559 1481 4620 D.
1506 4557 1599 4618 Kaio.

327 4656 376 4718 ep.
401 4647 477 4724 312Ι
508 4651 557 4712 14.
583 4653 661 4732 650,
688 4658 717 4718 5.

282 4737 478 4826 nunptios·
502 4750 668 4831 αἱδεοίμως.
692 4757 732 4822 Η.
758 4760 807 4822 61.
832 4759 988 4823 boeoiIca.

282 4831 377 4926 ἦδος.
410 4849 482 4908 ΕΜ
507 4853 587 4930 626,
613 4855 654 4917 68
685 4858 718 4918 οἱ
748 4856 781 4921 ui
816 4865 985 4941 Κυρηναῖοι
1021 4861 1054 4924 τὸ
1088 4859 1156 4937 ὄξος
1187 4856 1281 4944 ἦδος
1316 4864 1405 4943 φασί,
1433 4861 1483 4924 aui
1517 4861 1600 4924 litlot

326 4947 496 5027 γλοκάδιον.
519 4955 641 5020 Atucis
663 4961 780 5022 tribuit
802 4961 880 5025 Ath.
904 4963 936 5023 II
958 4979 989 5041 p.
1015 4963 1103 5028 750.
