3662 5606
933 423 998 486 462

307 601 460 690 κοιόλης.
485 605 557 667 Vid.
580 605 761 686 κοακτὴρ.

306 709 413 768 κοῖον·
427 704 574 788 ἐνέχυρον·
588 741 626 752 -
649 715 756 769 noba·
776 705 907 788 ἐνέχυρα.
922 742 962 752 -
982 707 1160 770 κουάσαι·
1180 706 1375 788 ἕνεχυριάσαι.
1388 741 1431 752 -
1450 708 1627 781 κωοίζειυ·

350 805 554 888 ἐνεχυριάζειν.
587 844 627 854 -
655 810 852 876 κωα(σ)θεί
857 827 881 883 ς·
912 808 1129 890 ἐνεχυρασθείς.
1164 843 1206 852 -
1241 810 1371 871 κώιον·
1401 805 1549 890 ἐνέχυρον.
1584 811 1625 870 Η.

351 909 439 985 Quae
467 911 580 972 omnia
613 911 713 973 verbo
742 915 863 972 κεῖσθαι
892 915 1033 988 cognata
1066 913 1106 974 ad
1138 927 1221 988 quas
1251 912 1409 973 dialectos
1443 913 1631 988 pertineant

350 1011 478 1073 difficile
508 1013 596 1075 dictu
627 1016 688 1075 est.
721 1013 848 1089 Cypriis
881 1021 960 1074 κοοα
994 1017 1028 1075 et
1061 1014 1189 1074 κουάοαι
1223 1013 1339 1075 tribuit
1373 1013 1533 1088 Schmidt,
1570 1013 1627 1074 sed

350 1113 479 1174 micans
502 1113 535 1173 in
558 1114 712 1175 tenebris.
740 1148 780 1158 —
805 1115 877 1175 Vid.
901 1112 1143 1194 ἐγκοιόκανς.

306 1216 414 1276 κοῖον.
446 1215 636 1276 Athenaeus
666 1215 697 1275 X
727 1231 757 1290 p.
789 1217 854 1277 455
874 1216 904 1276 d.
933 1216 1005 1276 siue
1029 1217 1132 1276 tosto:
1159 1212 1336 1286 Μακεδόνες
1365 1209 1398 1273 δὲ
1420 1213 1472 1274 τὸν
1494 1211 1628 1293 ἀριθμὸν

350 1319 464 1375 κοῖον
486 1317 769 1396 προσαγορεύουσιν.

307 1419 584 1491 κοῐοςεκοῐος
607 1434 683 1495 pars
705 1419 832 1480 Ionum.
858 1420 929 1480 Viri.
954 1418 1076 1479 Hoffm.
1101 1419 1148 1478 III
1173 1419 1248 1479 595.

307 1514 495 1600 κοιπποίβα
518 1521 564 1592 (1)·
588 1528 650 1579 πᾶν
673 1517 796 1599 σπέρμα.
821 1520 937 1598 Ἀχαιοί.
961 1520 1002 1580 Η.

306 1615 580 1701 κοιμυινὸμοιμος.
603 1621 680 1697 Pap.
703 1637 791 1698 mag.
815 1621 891 1683 bibl.
914 1625 983 1683 nat.
1007 1621 1080 1683 Par.
1103 1621 1232 1687 (Wessl
1259 1621 1355 1682 1360.

306 1715 479 1800 κοίρανος·
502 1722 649 1800 βασιλεύς.
673 1724 821 1783 Βοιωτῶν.
845 1724 900 1782 ΒΑ
926 1724 1021 1784 1095.

307 1815 392 1894 κίις.
421 1822 502 1882 Poll.
530 1823 561 1883 X
591 1825 670 1884 179:
700 1823 746 1902 εἴη
777 1819 805 1885 δ’
838 1820 877 1884 ἂν
904 1822 954 1884 καί
982 1823 1066 1898 κόιξ
1093 1847 1120 1884 τι
1150 1832 1210 1884 τῶν
1239 1823 1424 1903 πλεγμάτων,
1451 1817 1493 1882 ὃν
1517 1817 1575 1895 (tr)
1599 1819 1632 1879 οἵ

351 1916 405 1996 μὲν
439 1925 564 2004 Δωριεῖς
597 1925 686 1986 κόιν
719 1929 873 2004 καλοῦσιν,
903 1923 943 1998 ὡς
969 1921 1151 2006 Ἐπίχαρμος
1175 1925 1298 1986 Πίθωνι
1326 1926 1374 1992 (fr.
1401 1927 1441 1986 77
1467 1925 1557 1989 abr.)
1589 1917 1628 2000 „5

351 2024 489 2086 θύλακον
515 2023 536 2106 ἢ
558 2027 680 2106 βό(ε)ιον
703 2025 723 2108 ἢ
746 2028 834 2090 κόιν
857 2026 959 2110 φέρειν
979 2026 1025 2108 {Ii
1052 2025 1228 2108 κωρακί6α”,
1250 2028 1282 2090 οί
1303 2023 1335 2088 δὲ
1359 2023 1479 2088 Ἀττικοί
1502 2022 1628 2083 κόικα.

352 2123 398 2186 61.
423 2128 500 2189 Lob.
523 2128 644 2204 Phryn.
668 2131 738 2215 88„

306 2224 477 2305 κοιτάζειν
509 2232 609 2306 quid?
640 2235 688 2291 ΡΒ
717 2235 793 2316 619,
821 2235 852 2295 4.
877 2233 1065 2312 δηλώσαντος
1087 2230 1123 2292 τὰ
1145 2240 1199 2293 τοῦ
1223 2231 1341 2304 Λ[ε]ίου
1364 2228 1535 2308 ὑπάρχοντα
1558 2218 1627 2286 κατ’

352 2327 478 2410 ἀμνοίαν
506 2330 567 2393 ὑπὸ
593 2341 646 2393 τοῦ
681 2332 739 2414 πρὸ
773 2333 868 2396 αὐτοῦ
902 2330 1179 2416 κωμογραμματίως
1213 2331 1477 2394 κτκοιτάσθαι
1512 2327 1563 2389 διὰ
1596 2326 1630 2386 τὸ

351 2437 523 2511 πεπρᾶσθαι
547 2431 623 2494 αὐτὰ
646 2433 704 2514 πρὸ
727 2443 778 2513 τῆς
805 2444 931 2515 κατοχῆς
950 2443 1001 2515 τῆς
1020 2433 1218 2514 ἐπιτηρήσεως
1235 2432 1286 2494 καί
1305 2433 1360 2510 τὴν
1379 2434 1630 2510 παραγραφεῖσον

351 2531 502 2608 πρόσοδον
525 2529 655 2611 ὀφείλειν
677 2541 885 2616 κουφισθῇναι
908 2545 961 2597 τοῦ
986 2535 1193 2616 συναγομένου
1216 2533 1272 2596 κτὲ.
1296 2541 1336 2600 (a.
1364 2537 1425 2596 155
1450 2549 1479 2593 a.
1504 2531 1559 2607 0.).

307 2630 488 2710 κοιτάξατο
502 2633 714 2715 Ζ--ἒκοιμήθκκ
737 2639 830 2700 Pind.
857 2641 890 2699 Ο.
913 2640 993 2699 XIII
1017 2641 1069 2700 77.

307 2735 495 2817 waiwop-bg
524 2738 683 2817 προβάτων
711 2741 812 2815 quid?
836 2743 886 2800 PK
909 2742 952 2812 (I)
976 2740 1080 2802 CXIII
1102 2757 1133 2816 p.
1159 2741 1234 2817 595,
1262 2740 1301 2800 18
1326 2732 1544 2814 ἐξαιρουμένοιν
1567 2743 1629 2793 τῶν

351 2837 526 2916 σπερμάτων
548 2836 599 2898 καί
622 2839 801 2920 σμηγμοίτων
824 2839 875 2901 καλ
897 2849 1060 2919 κυιτασμοῦ
1084 2842 1243 2921 προβάτων
1267 2837 1299 2899 ἓν
1322 2847 1415 2922 καιρῷ
1436 2843 1550 2914 σπορᾶς
1572 2831 1631 2894 κτὲ.

351 2939 397 3000 Ol.
421 2941 630 3014 κοιταζειν.

307 3037 403 3125 κοίτη
418 3041 564 3120 :uictu
588 3042 658 3103 cil
681 3042 725 3103 IV
750 3043 780 3120 2,
805 3044 916 3120 7001),
942 3045 981 3104 fr.
1007 3046 1030 3102 Β
1055 3047 1094 3105 91
1121 3047 1154 3105 ot
1178 3044 1264 3105 alibi.
1289 3043 1360 3102 vio.
1384 3041 1500 3102 lexica.

307 3147 431 3222 κοῖτος,
455 3141 560 3222 6εὴ
584 3145 668 3222 κοίτη
692 3146 767 3221 iou,
793 3161 854 3222 ep„
878 3146 951 3223 lyr„
975 3149 1058 3222 trag.
1083 3146 1160 3207 Hor.
1185 3146 1253 3206 119.
1278 3145 1339 3204 VII
1363 3145 1393 3204 9.
1421 3143 1471 3203 17.

306 3241 440 3324 κοιτών,
460 3246 694 3322 sepulcrum.
719 3247 790 3308 vid.
811 3251 1018 3324 κοιμᾶσθαι.
1040 3281 1080 3292 -
1105 3247 1324 3309 cubiculum
1339 3247 1454 3306 :att
1479 3241 1630 3320 δωμάτιον

351 3347 401 3412 (cf.
432 3347 509 3408 Lob.
542 3348 662 3423 Phryn.
691 3365 722 3425 p.
747 3349 831 3414 252).
855 3349 926 3410 Deli
949 3351 1001 3411 tit.
1026 3365 1055 3412 a.
1084 3351 1146 3410 120
1170 3366 1199 3411 a.
1224 3348 1258 3409 C.
1283 3347 1399 3408 Michol
1427 3345 1522 3406 1158.
1547 3341 1629 3422 Κρά-

350 3467 435 3527 τερον
465 3448 607 3528 γεγονότα
632 3483 672 3494 -
697 3457 755 3509 τῶν
785 3449 910 3528 πρώτων
938 3451 1035 3526 φίλων
1058 3447 1201 3529 βασιλέως
1226 3447 1374 3526 Ἀντιόχου
1396 3445 1446 3506 καὶ
1470 3443 1630 3523 ἆρχίατρου

351 3546 401 3608 καὶ
429 3547 489 3610 ἐπί
520 3559 587 3610 τοῦ
617 3559 808 3623 κοιτῶνος
838 3557 904 3627 τῆς
935 3551 1166 3630 βασιλίσσης
1196 3549 1502 3617 (cubicularius
1525 3545 1628 3620 regi-

351 3655 433 3714 nael
457 3649 513 3711 κτλ.
538 3651 584 3713 cl.
609 3668 656 3726 sq.
680 3667 751 3713 voc.

307 3749 552 3837 κοιτων(ε)ίτης
576 3753 749 3832 Καίσίοιρος)
773 3753 869 3830 IGSI,
898 3755 992 3815 1664.
1013 3753 1060 3816 Of.
1081 3754 1178 3814 2143.
1203 3753 1271 3814 Vid.
1295 3748 1628 3830 ἇρχικοιτωυίτης

351 3859 385 3916 et
407 3855 651 3935 κραβάτειος.

306 3954 415 4040 κοιρί,
445 3957 625 4018 suffimenti
656 3971 759 4030 genus
790 3957 823 4016 in
854 3958 1014 4032 Aegypto.
1046 3957 1097 4016 PII
1127 3957 1170 4027 (Ι)
1204 3955 1306 4017 XLVI
1337 3959 1433 4020 (saec.
1461 3954 1526 4030 IV),
1552 3954 1627 4012 210.

352 4059 426 4121 216.
450 4092 493 4100 -
518 4059 555 4120 111
579 4057 682 4118 CXXI
706 4063 803 4121 (saec.
828 4059 888 4120 Illi
913 4059 977 4119 538
1001 4057 1131 4118 additur
1153 4057 1308 4136 ίερατικόν.
1332 4057 1379 4118 Oi.
1404 4063 1488 4128 κῦφι.

307 4159 484 4240 κοκκίὸες,
508 4160 608 4220 calcei
631 4159 821 4234 muliebres,
846 4160 924 4220 dicti
947 4160 986 4219 de
1010 4159 1159 4220 coccineo
1183 4159 1298 4220 colore.
1320 4159 1461 4220 Herond.
1482 4157 1552 4217 VII.
1574 4157 1627 4216 60.

307 4259 468 4336 κόκκινος
491 4259 624 4339 βουβών.
646 4261 788 4322 Herond.
813 4260 857 4320 VI
884 4262 934 4321 19.
958 4261 1030 4320 Vid.
1054 4260 1222 4338 βουβών.

306 4360 538 4445 κοκκοφάδιον
558 4362 656 4437 quid?
676 4361 751 4436 Pap.
772 4377 858 4436 mag.
874 4377 961 4422 saec.
975 4362 1022 4420 III
1036 4363 1085 4419 PII
1105 4362 1148 4427 (It
1168 4361 1285 4438 CXXI,
1307 4363 1390 4422 411:
1412 4358 1628 4436 νυκκολάλημα.

351 4463 466 4544 Λαβὼν
489 4463 694 4538 κοκκοφαθίυυ
716 4461 770 4538 τὴν
788 4461 916 4538 καρδίαν
939 4460 995 4521 κτὲ.
1019 4463 1204 4538 Usurpatur
1226 4462 1334 4542 καρδία
1356 4467 1426 4523 tam
1447 4463 1486 4523 de
1505 4461 1629 4536 plantis

351 4581 449 4641 quam
473 4566 513 4626 de
536 4563 744 4625 animalibus.

307 4661 475 4742 κοκκόιις·
500 4663 515 4726 ὁ
539 4665 696 4744 πρόγονος.
719 4663 778 4724 ἔστι
802 4660 835 4725 δὲ
855 4659 973 4740 Ἰωνικὴ
996 4659 1016 4741 ἡ
1039 4663 1124 4738 λέξις·
1148 4665 1286 4741 σημαίνει
1305 4661 1338 4724 tl
1356 4663 1426 4737 τοὺς
1445 4661 1504 4743 ἤδη
1523 4685 1628 4740 κεκομ·

350 4766 467 4844 μένους.
493 4769 563 4825 ΕΜ
583 4769 657 4844 594,
679 4769 731 4829 59.
751 4767 868 4828 Glossa
887 4767 1092 4842 perobscura.
1114 4769 1267 4828 Fortasse
1287 4769 1339 4828 est
1358 4783 1375 4828 e
1394 4766 1629 4828 semibarbaris

351 4869 532 4946 vocabulis,
564 4869 673 4944 qualia
703 4870 736 4928 in
766 4869 912 4943 reliquiis
939 4869 1153 4944 Hipponactis
1184 4869 1391 4930 offendimus.
1423 4869 1492 4930 Non
1522 4869 1629 4943 magis

351 4973 479 5032 constat
505 4972 616 5030 utrum
641 4965 656 5028 ὁ
680 4967 826 5048 πρόγονος
850 4970 1076 5044 privignus
1099 4971 1144 5030 sit
1167 4986 1209 5030 an
1234 4985 1426 5044 proavus.
