3584 5604
183 607 345 696 ἀμεμφὲς·
370 613 492 696 αἰσχρός
515 617 556 680 Η.
568 618 657 681 700.
682 621 891 688 dialecticum
904 653 945 679 =
959 627 1106 712 δίμορφον.

182 710 424 798 ἀμετάβλατος
453 720 688 794 pseudodorice
716 741 774 802 pro
805 723 1004 810 ἀμειιίβιῑηιος
1035 736 1204 804 Philolaus
1235 760 1284 822 ap.
1317 749 1406 816 Stob.
1440 757 1505 824 Εςι,

226 817 278 892 ph.
303 819 318 877 I
343 819 401 894 20,
428 820 465 894 2;
491 819 621 883 Ocellus
644 823 719 886 ibid.
745 827 776 888 8.

181 912 427 1002 ἀμετάμορφος
450 921 630 999 Theophyl.
655 925 776 990 Simoc.
801 929 887 994 Hiet.
913 933 958 994 IV
982 937 1016 1014 8,
1042 941 1073 1002 4.

181 1014 379 1100 ἀμὲτοιστος
401 1023 500 1084 inser.
525 1025 651 1086 Elaeae.
677 1027 791 1090 Gelzer
816 1033 988 1113 „Beitrtige
1012 1056 1071 1104 zur
1094 1045 1210 1110 Gesch.
1237 1067 1266 1111 u.
1291 1053 1428 1134 Topogr.
1452 1064 1504 1126 Kl.

225 1123 344 1184 Asiens
368 1139 400 1183 v.
426 1123 593 1202 curtius”,
618 1143 649 1203 p.
675 1129 734 1189 69:
759 1127 819 1190 ἀπὸ
842 1143 895 1194 τοῦ
918 1141 1040 1216 ταμείου
1064 1153 1123 1204 τῶν
1141 1145 1320 1225 ἀμετοίστων
1338 1160 1507 1242 προσόδων,

225 1222 245 1284 i.
271 1240 298 1285 e.
322 1231 375 1302 τῆς
400 1234 533 1302 φανερᾶς
557 1224 670 1299 οὐσίας.

180 1318 372 1410 ἀμετρησίη
396 1321 491 1385 ἐτέων
515 1328 565 1388 tit..
590 1329 745 1406 Epidauri
768 1335 802 1397 in
826 1339 998 1406 Athenaeo
1017 1346 1065 1407 III
1086 1349 1160 1412 274.
1174 1352 1505 1434 Philippuemedicue

223 1425 258 1486 in
288 1427 456 1503 epitaphio
487 1443 537 1504 ap.
570 1430 773 1512 Kaibolium,
798 1438 904 1502 Praei.
927 1459 958 1519 p.
983 1445 1079 1508 XIX:
1104 1451 1233 1529 κερδίων
1256 1455 1417 1544 ἀμιτρησίη
1437 1484 1503 1532 sec.

223 1526 459 1605 Kumanidem,
483 1531 542 1591 sed
565 1531 752 1597 Kebbediae
781 1539 944 1614 „Fouillee
967 1547 1181 1624 d'Epideure”
1204 1572 1234 1632 p.
1260 1562 1302 1622 62
1326 1579 1344 1626 ο
1367 1570 1505 1634 meliore

222 1630 410 1705 apographo
434 1630 524 1692 dedit
542 1630 672 1711 κερδέων
695 1633 736 1715 ἅμ
749 1685 834 1700 .....
859 1641 909 1704 καλ
933 1647 1064 1730 στάσιος,
1086 1656 1170 1717 unde
1190 1658 1331 1727 sortasse
1349 1672 1500 1747 supplen-

224 1730 303 1790 dum
328 1727 487 1810 ἀμ[ετρίη].

179 1827 403 1914 ἀμετρὸδικος
426 1834 580 1910 Bacchyl.
604 1838 636 1899 X
660 1841 720 1901 68:
746 1841 944 1922 διχοστασίαις
968 1884 1009 1894 -
1030 1851 1242 1935 ἀμετροδίκοις.

178 1927 440 2015 διμεέδσοισθαι
453 1959 495 1984 =
508 1933 712 2019 ἀμεύσασθαι,
738 1943 759 2004 i.
784 1961 811 2006 e.
840 1944 1029 2027 ἀμείψασθαι
1052 1957 1149 2021 inser.
1175 1963 1335 2042 Gortynia
1358 1971 1391 2033 in
1416 1977 1497 2040 idue.

223 2035 297 2094 Ital.
322 2035 409 2097 11n.
436 2037 489 2098 53.
514 2037 1239 2137 111.ἀμιιεσ,ἐσεργισία,Ἒιθιιις.

178 2130 417 2216 ἀμεθσιτσθαι·
436 2137 566 2198 διελθεῖν
586 2147 757 2222 (παρελθεῖν
778 2149 912 2230 Bergk),
941 2158 1176 2236 ιτεραιιλσασθαι.
1200 2169 1241 2229 Η.
1266 2171 1403 2250 Saepius
1427 2181 1497 2242 Pin·

221 2238 331 2298 darus.
354 2238 428 2299 Vid.
459 2239 624 2317 Rumpelii
654 2245 783 2310 lexicon
815 2265 841 2312 e.
865 2269 897 2314 v.
930 2258 964 2317 et
995 2259 1035 2321 cf.
1067 2259 1261 2346 ἀμευσιειιής,

220 2336 384 2416 ἀμεύσιμος
407 2341 443 2402 in
465 2341 644 2406 'ihesauro

177 2437 345 2524 ἀμὴκωα·
370 2442 462 2502 δεινά.
488 2446 675 2524 Ταραντῖνοι.
699 2449 740 2510 Η.
769 2451 920 2518 Fortasse
944 2455 1110 2543 deduco,
1132 2469 1338 2538 inaudita.

177 2539 444 2626 ἀμὴλκχθν·>·
468 2543 676 2610 ἀκολάκευτον.
699 2553 822 2630 Κρῆτες.
847 2558 887 2619 Η.
902 2577 1006 2640 =ep.
1031 2561 1189 2647 ἀμείλιχον.

177 2640 284 2729 ἀμήν·
314 2645 452 2726 θερίζειν.
484 2647 525 2708 Η.
553 2650 662 2727 (vulgo
690 2649 791 2731 ἀμνὴν
821 2657 960 2738 θερίζειν)
978 2687 1020 2714 -·-··
1037 2667 1102 2730 ion.
1135 2667 1226 2750 ἀμᾶν,
1255 2673 1406 2761 ἀμᾶσθαι,
1437 2703 1499 2762 quo

220 2749 358 2808 utuntur
380 2748 478 2824 epici,
503 2751 629 2829 tragici,
654 2754 732 2816 Her.
757 2757 801 2817 VI
822 2761 863 2821 23
883 2759 999 2841 ἀμήσας
1019 2767 1071 2828 τὸν
1094 2775 1175 2832 σῖτον
1195 2776 1336 2850 (Schwh.
1358 2785 1390 2846 in
1411 2787 1497 2865 iere).

220 2849 311 2909 Adde
334 2848 380 2908 IV
406 2851 482 2926 109,
509 2852 529 2910 2
553 2848 690 2928 ἀμᾶσθαι
713 2855 764 2917 καὶ
787 2857 962 2942 τρυγᾶσθαι.

176 2945 341 3033 ἀμήνιτος
371 2949 679 3035 λοσὶαο--ἅνοργος
710 2958 896 3038 Aeschylus
926 2967 986 3044 Ag.
1019 2973 1094 3034 640.
1125 2977 1236 3055 suppl.
1270 2985 1333 3046 875
1363 2991 1398 3049 et
1420 2991 1498 3054 Her.

220 3051 266 3110 IX
290 3053 343 3111 94.
368 3051 452 3114 Adv.
477 3054 536 3129 Ag.
566 3057 662 3119 1086.

175 3147 365 3234 ἀμήτορας·
388 3155 564 3232 κιθαριστάς
588 3157 666 3233 (imo
689 3163 848 3240 θεριστάς).
874 3169 994 3246 Κρῆτες.
1020 3175 1091 3234 ΕΜ
1110 3178 1168 3255 83,
1196 3184 1247 3244 15.

175 3247 307 3336 ἄμητος
329 3253 655 3337 ἱοιιιοοεθερισμός.
679 3263 799 3327 Herod.
822 3267 854 3328 H
880 3271 931 3331 14.
955 3272 1001 3332 IV
1023 3277 1066 3336 43
1091 3280 1124 3339 et
1148 3283 1241 3357 epici.

174 3356 250 3436 iffi.
274 3355 383 3416 Verbo
405 3357 440 3416 in
463 3360 516 3434 α-μι
539 3360 648 3424 dorice
672 3367 705 3426 et
729 3368 851 3430 aeolice
878 3376 1076 3448 respondent
1100 3381 1209 3444 verbis
1233 3385 1349 3452 ionicis
1373 3393 1405 3454 in
1430 3398 1498 3473 ῆιῖι,

218 3471 357 3531 quorum
380 3458 483 3534 stirps
505 3461 606 3522 habet
628 3467 663 3539 ἆ;
688 3467 740 3528 ein
765 3485 842 3532 vero
865 3474 893 3548 ἕ,
916 3475 1073 3541 desinunt
1095 3485 1129 3543 et
1152 3484 1223 3560 ipsa
1246 3489 1279 3551 in
1303 3495 1364 3569 ιῖςῖι.

174 3552 349 3638 ἀμίαντος.
372 3560 527 3638 Bacchyl.
552 3564 666 3628 11186
690 3569 793 3652 αἰθήρ.

174 3654 336 3741 ἀμιθρεῐν
350 3683 391 3708 =
404 3659 545 3741 ἀριθμεῖν
575 3664 769 3732 Callimachi
801 3674 832 3736 h.
864 3675 934 3738 Cer.
966 3680 1023 3757 87,
1053 3685 1264 3754 Herond.V1
1294 3698 1313 3756 6
1342 3701 1375 3759 et
1398 3697 1496 3778 ἐξαμι-

217 3763 304 3838 θρεῑν
335 3761 412 3824 ibid.
444 3765 497 3825 89.
530 3765 664 3830 Theocr.
697 3771 778 3834 XIII
808 3777 850 3838 72
876 3794 933 3854 pro
965 3778 1135 3862 ἀριθμεῖται
1158 3791 1228 3854 iure
1252 3803 1421 3874 receptum
1446 3808 1498 3865 est

217 3858 395 3940 ἀμιθρεΐται.
413 3864 492 3926 Hes.
514 3881 541 3928 e.
560 3884 591 3929 v.
616 3871 650 3930 et
671 3869 847 3954 ιἰμιθρόυ
872 3881 943 3940 EM
961 3898 991 3958 p.
1018 3887 1074 3964 83,
1100 3891 1153 3952 42.
1174 3893 1274 3957 Plura
1293 3898 1382 3960 dabit
1399 3902 1495 3965 Thes.

173 3957 391 4044 ἀμικάνιστος
421 3962 518 4042 ἀρτος.
551 3972 729 4048 Ταραντῖνοι
760 3979 811 4055 Η.,
843 3982 900 4043 sed
927 3983 1015 4046 infru
1037 3985 1365 4073 ἀμμισιιόμιστον·
1390 4005 1496 4083 συγκό-

217 4081 320 4140 μιστον
341 4063 438 4144 ἄρτον.
458 4069 574 4131 Keibel
596 4075 768 4152 utrobique
788 4074 1124 4171 ἄμμιξεάναμιγής,
1141 4099 1178 4156 ut
1196 4094 1496 4184 εδιιηξεειλτιαγής,

216 4166 426 4228 scribendum
453 4173 558 4244 putet.
589 4173 800 4250 significatur
826 4187 949 4260 penis
972 4189 1203 4259 furfureus.
1229 4199 1372 4264 Galenus
1395 4209 1428 4267 et
1451 4210 1493 4284 gl.

215 4267 370 4343 Hippocr.
402 4269 596 4349 συμιιόμιστος
628 4272 715 4356 ἀρτος
746 4283 891 4360 explicat
914 4289 983 4362 τοὺς
1006 4291 1160 4374 ῥυπαροὺς
1185 4299 1234 4359 διὰ
1257 4302 1289 4361 τὸ
1312 4303 1410 4364 πάντα
1435 4307 1495 4386 δίμα

213 4364 250 4424 τὰ
272 4365 384 4448 ἄλευρα
408 4372 639 4451 συγκομίζεσθαι
662 4377 713 4439 καλ
736 4381 777 4460 μὴ
801 4385 1002 4452 διατείνεσθαι
1026 4395 1243 4476 (διακρίνεσθαι
1253 4404 1287 4478 7).

171 4463 325 4548 ἅμιλλαν
357 4475 510 4532 ποιεῖσθαι
540 4471 573 4534 ἐν
609 4488 648 4562 τῷ
678 4480 774 4558 λιμένι
808 4489 857 4549 vel
889 4499 946 4550 τῶν
977 4495 1090 4556 πλοίων
1120 4499 1262 4563 formula
1293 4505 1333 4566 de
1360 4511 1494 4584 ephebis

213 4571 335 4632 Atticis
362 4570 431 4632 OM
454 4573 486 4634 II
509 4575 586 4638 467.
612 4581 687 4643 469.
712 4586 788 4647 470.
814 4587 860 4650 cf.
885 4593 960 4653 471.

1286 2270 1502 2360 ἀμευσίττορος,

170 4665 413 4752 ἁμίλλακψΓ
437 4667 530 4735 οἶνον.
556 4678 693 4759 Θηβαῖοι.
716 4687 757 4748 Η.
778 4689 840 4751 Pro
860 4684 944 4753 οἶνον
965 4698 1086 4759 conieci
1107 4699 1401 4788 οίνο<δρίττανον>,
1420 4716 1492 4776 coll.

211 4768 406 4856 ἀμίλλοκα·
430 4773 590 4856 δρίιτανον.
611 4775 730 4848 Ἠλεῖοι.
754 4792 840 4866 apud
865 4797 1016 4860 eundern.

169 4867 357 4954 δμίλτωτυς
387 4876 496 4956 λύχνος
527 4881 559 4942 in
592 4899 664 4962 pap.
696 4904 784 4966 mag.
816 4894 888 4956 Par.
923 4899 1019 4976 2391,
1051 4901 1072 4963 l.
1105 4905 1202 4966 3272.
1235 4911 1322 4971 3191
1355 4916 1389 4973 et
1420 4915 1494 4977 aliie

156 4975 165 4994 ‘
210 4978 343 5053 papyris
367 4975 439 5038 Vid.
464 4979 630 5060 Weeselyi
653 4988 810 5054 indicem.
