3556 5596
805 421 869 480 939

179 600 409 688 γυμναστική,
440 599 476 687 ἡ.
512 603 580 665 666.
613 605 766 666 Philostr.
799 607 838 667 de
868 621 981 682 gymu.
1006 605 1082 665 XIV
1106 605 1177 666 init.
1209 604 1357 684 ξύγκειται
1387 600 1441 682 μὲν
1468 601 1497 677 ἐξ

225 705 355 782 ἰατρικῆς
379 727 407 765 τε
430 703 480 765 καὶ
499 705 739 786 παιδοτριβικῆς,
762 705 822 767 ἐστὶ
846 704 878 767 δὲ
901 716 952 785 τῆς
976 703 1030 784 μὲν
1053 704 1208 785 τελεωτέρα
1230 715 1282 784 τῆς
1306 702 1339 766 δὲ
1361 705 1475 785 μόριον.

179 807 427 890 6666166601.
452 808 532 869 Poll.
557 809 604 869 III
627 809 669 869 83
694 812 727 869 et
750 809 966 870 Ruhnkeuius
990 811 1030 869 ad
1051 809 1223 869 Timaeum
1248 825 1278 883 p.
1304 809 1378 869 213.

180 905 293 991 τορός.
320 908 1058 988 -γυρὰιιάλη,1166666616616116.
1083 911 1239 972 Philostr.
1263 910 1310 970 XI
1333 911 1371 972 17
1393 911 1497 972 6136.

224 1009 400 1071 Volckmar
423 1012 503 1072 citat
526 1011 694 1071 Hellodori
719 1011 815 1073 heth.
840 1013 871 1072 X
895 1014 946 1088 21,
973 1012 1028 1072 ubi
1055 1014 1094 1074 de
1118 1013 1280 1074 luctatore
1303 1014 1422 1074 dicitur
1444 1011 1499 1088 τήν

225 1101 253 1170 ia
277 1110 385 1190 ἰγνύαν
408 1111 538 1190 σιμώσας
562 1110 612 1172 καὶ
635 1110 735 1189 ὤμους
758 1110 809 1172 καὶ
832 1113 1001 1190 μετάφρενα
1024 1113 1214 1193 γαρώσας.

180 1309 406 1398 δακτυλτστής
429 1317 566 1376 recurrit
596 1317 693 1376 Amh.
722 1331 793 1391 pap.
821 1318 894 1392 126,
920 1317 971 1394 32,
998 1317 1052 1376 651
1075 1317 1219 1377 editores
1242 1318 1499 1391 agrimenso-

225 1432 308 1477 rem
332 1416 518 1492 eigniflcare
543 1421 671 1494 putant.

182 1517 289 1599 δαμῇ.
314 1519 385 1580 Vid.
410 1517 525 1592 δὲνος
550 1519 678 1583 (Addl.

182 1616 368 1701 δαμισργδς
397 1623 522 1696 666656
553 1621 694 1682 6666611
723 1621 824 1680 etiam
855 1622 888 1681 in
920 1621 1017 1682 titulo
1042 1621 1172 1682 Oluutis
1195 1614 1242 1694 (in
1267 1621 1372 1685 Creta)
1396 1622 1500 1682 Phila·

226 1720 334 1796 delphi
357 1725 432 1796 aet.,
463 1723 550 1782 edito
580 1720 663 1782 ΒΟΗ
694 1720 802 1780 XXIV
824 1738 854 1796 p.
880 1723 944 1782 224
968 1738 1032 1798 sq„
1056 1723 1111 1782 ubi
1135 1723 1182 1783 sle
1206 1724 1324 1786 dicitur
1347 1725 1402 1798 qui
1425 1725 1502 1784 alibi

225 1819 335 1898 κόσμος
358 1825 502 1884 vocatur.
528 1857 569 1866 -
594 1822 663 1883 Vid.
696 1823 797 1883 etiam
828 1825 879 1884 tit.
912 1824 1112 1899 Aegosthen.
1144 1825 1501 1902 61116866166661.

235 1923 298 1982 223
327 1925 440 1984 6141.

129 2007 131 2012 ’
183 2020 546 2106 δαμδιαςεδαμόσιος.
570 2026 716 2086 Heraeae
739 2026 807 2086 titt.
832 2026 946 2086 IGPIV
969 2028 1000 2086 II
1024 2028 1099 2088 542.
1125 2029 1189 2090 543
1214 2031 1248 2088 61
1270 2030 1347 2104 Arg.
1373 2029 1448 2104 555,
1470 2031 1500 2090 5.

183 2121 326 2206 δαρχμά
358 2127 466 2188 torma
500 2127 663 2188 elideusis.
696 2126 742 2188 ct.
767 2127 873 2203 deer
895 2128 1006 2203 Progr.
1034 2129 1159 2204 Danzlg
1185 2130 1269 2189 1878
1292 2146 1322 2204 p.
1348 2131 1389 2190 25
1413 2145 1499 2204 squ,

227 2225 504 2289 Xilhner—Blass
524 2228 577 2288 Gr.
599 2227 652 2288 Gr.
672 2227 686 2286 1
710 2244 740 2303 p.
766 2229 841 2289 288.
866 2229 989 2289 Iniuria
1012 2245 1069 2305 pro
1088 2226 1221 2306 δραχμὴν
1242 2232 1415 2306 corrigitur
1433 2230 1503 2308 dap

226 2325 303 2404 χμήν
327 2331 382 2389 Ar.
407 2329 503 2404 Vesp.
529 2330 604 2390 691.
630 2327 700 2388 Vid.
725 2329 846 2390 Starlrii
870 2329 980 2390 editio.

182 2428 380 2492 boschmeab
414 2432 498 2506 apud
532 2431 796 2506 Theophrastum
833 2431 927 2492 char.
959 2431 1084 2492 XXVII
1113 2432 1276 2508 dicuntur,
1311 2433 1364 2507 qui
1395 2433 1445 2493 die
1472 2432 1503 2493 X

227 2532 383 2607 cuiusque
418 2533 542 2593 mensis
575 2533 745 2593 feriantur.
781 2531 828 2593 Oi.
863 2533 1057 2607 τετραδισταί,
1087 2532 1262 2606 claudicet,
1289 2533 1504 2611 τριακαδισταί,

227 2633 451 2710 νονμηνιασταί.
475 2635 541 2695 Nec
564 2634 660 2694 611161·
682 2634 862 2709 accipiendi
885 2635 954 2696 CIA
979 2629 1038 2694 IV²
1060 2627 1170 2710 ildeb,
1192 2635 1246 2695 ubi
1266 2635 1330 2696 vid.
1352 2637 1503 2697 Koehler.

228 2733 430 2796 Vocabulum
453 2735 598 2810 neglexit
617 2735 805 2796 Thesaurus
825 2751 899 2796 cum
918 2736 1043 2796 lexicis.
1064 2737 1136 2796 Alio
1157 2751 1256 2796 66666
1280 2737 1327 2797 116
1347 2741 1505 2798 vocantur

229 2835 494 2898 decumarum
523 2839 786 2912 receptores,
819 2836 858 2896 de
889 2837 1006 2910 quibus
1034 2837 1073 2896 cf.
1107 2837 1189 2898 BOH
1217 2837 1445 2914 16066671.
1472 2841 1502 2913 5,

229 2937 283 2996 651
306 2937 427 3012 legltur
450 2937 623 2998 δεκατιστιιί.

184 3033 305 3116 δεκάς,
330 3039 466 3114 Spartae
485 3038 595 3116 οἴκημα
614 3047 665 3117 τῆς
689 3037 819 3116 εἱρκτῆς,
842 3036 874 3098 ἐν
898 3033 921 3122 ᾧ
944 3042 1111 3100 θανατοῦσι
1133 3039 1203 3111 τοὺς
1226 3039 1406 3112 καταδίκους
1430 3037 1504 3100 διττο-

229 3139 390 3218 ττνίγοντες.
416 3141 500 3200 Plut.
525 3141 619 3216 Agid.
644 3141 702 3200 vit.
727 3139 806 3200 XIX
831 3142 861 3200 3.

184 3233 387 3324 5616666κὴ.
419 3243 510 3303 Adde
540 3240 675 3303 Dioclet.
712 3241 760 3302 ed.
791 3241 924 3316 IGSept.
956 3244 1053 3318 2417,
1087 3243 1139 3302 651
1171 3243 1272 3303 otiam
1306 3243 1356 3302 516
1386 3241 1506 3316 legitur

231 3341 1274 3421 [δελματ66661α66166611.666169.1116.’μαφόρτης.

185 3437 293 3516 besec.
313 3441 501 3517 comparari
525 3446 635 3518 potest
657 3443 737 3526 δαμῇ
757 3457 873 3517 parum
893 3445 1110 3517 grammatice
1130 3443 1255 3504 dIctum
1275 3459 1294 3504 6
1313 3444 1506 3504 Ρ66666166

230 3545 268 3606 Ir.
294 3547 311 3606 7
337 3547 421 3620 apud
451 3545 626 3622 DIelsium,
650 3546 826 3607 Poetarum
850 3545 1119 3620 philosophorum
1144 3545 1332 3619 fragmenta
1354 3543 1506 3607 (Berolini

230 3661 259 3706 6.
293 3647 387 3708 1091)
418 3663 447 3722 p.
480 3649 539 3709 62:
570 3647 607 3709 66
638 3646 694 3727 γὰρ
725 3647 838 3724 μήττοτε
869 3655 955 3706 τοῦτο
987 3646 1067 3732 δαμῇ
1100 3639 1177 3706 εἶναι
1205 3643 1246 3722 μὴ
1270 3643 1371 3722 ἐόντα,
1395 3647 1505 3719 ltaque

231 3748 342 3808 lusum
365 3747 501 3810 subesse
525 3750 580 3809 vix
605 3751 671 3810 iam
696 3750 802 3810 credo.

186 3843 329 3924 Δεοξίιις
351 3849 940 3924 56661166ε266ξίας,1116166661.
966 3849 1122 3910 Addenda
1145 3865 1174 3924 p.
1196 3849 1260 3930 7248
1285 3848 1326 3908 ad
1350 3863 1381 3908 n.
1407 3847 1504 3906 2231.

232 3949 278 4011 ci.
304 3951 402 4021 Δεύς
416 3975 458 4000 =
473 3952 557 4023 Ζεύς.

187 4047 479 4135 δημακλίναρχας.
503 4053 573 4114 Vid.
597 4069 624 4114 s.
649 4069 680 4114 ν.
705 4051 1060 4130 ιιρωιοιλίναρχος.

189 4149 570 4236 δημὸριοςεδημόσιος.
603 4153 664 4215 111.
697 4154 793 4228 Oropi
824 4168 909 4213 saec.
941 4169 969 4214 6.
1002 4151 1034 4212 0.
1065 4151 1108 4212 IV
1129 4153 1164 4217 til
1189 4151 1321 4226 166661.
1347 4152 1426 4226 265,
1452 4150 1506 4210 651

233 4255 272 4315 de
302 4256 363 4316 hoc
392 4257 488 4318 unico
518 4256 711 4317 rhotacismi
742 4256 862 4331 oropici
891 4254 1042 4330 exemplo
1074 4254 1106 4313 in
1130 4269 1165 4313 re
1188 4267 1283 4312 sacra
1306 4267 1347 4312 ex
1371 4253 1508 4327 pustino

233 4372 385 4418 sermone
414 4361 546 4419 servato
578 4358 640 4417 vid.
672 4357 911 4430 DIttenberger.
941 4355 1060 4416 Dubito
1084 4357 1211 4428 tamen,
1237 4353 1313 4426 quia
1337 4352 1415 4412 alibi
1438 4367 1508 4426 pro·

234 4457 368 4519 cedente
399 4462 547 4534 tempore
578 4459 690 4532 augeri
719 4473 783 4518 666
814 4458 920 4517 minui
947 4451 1509 4517 66161656166161666.1161616116

233 4558 319 4619 huuc
342 4560 478 4620 titulum
503 4559 655 4620 exaravit
677 4558 817 4634 lapicida
839 4558 1060 4618 Eretriensis?

189 4659 311 4744 δῆμος.
342 4661 495 4722 Philostr.
524 4661 563 4722 de
593 4676 706 4736 gymn.
737 4659 841 4719 XLIV
871 4660 928 4719 13:
960 4673 1013 4718 ars
1040 4658 1168 4718 medica
1190 4659 1416 4732 φυσιολογοῦσα
1440 4653 1509 4724 τοὺς

233 4761 322 4839 ἰχθῦς
353 4759 426 4822 αἰττδ
457 4771 530 4822 τῶν
559 4771 624 4838 τῆς
653 4761 858 4837 θαλάσσης
891 4759 1024 4837 δήμων
1055 4760 1085 4824 (i.
1111 4775 1139 4820 6.
1170 4758 1251 4819 10616
1275 4757 1428 4831 marinis,
1455 4755 1509 4816 ubi

234 4863 360 4927 vivunt)
383 4859 422 4935 ὡς
445 4867 547 4942 παχεῖς
570 4859 624 4939 μὲν
647 4861 678 4923 ol
699 4859 728 4935 ἐξ
756 4861 858 4938 Clodia,
881 4857 989 4920 6166161
1015 4854 1044 4920 δ’
1072 4859 1104 4920 cl
1124 4857 1156 4920 ἐκ
1178 4868 1294 4936 πετρῶν
1317 4854 1374 4916 κτὲ.

190 4961 357 5046 δημόσια,
388 4965 502 5026 tributi
534 4980 652 5041 genus,
680 4965 806 5040 passim
830 4965 1131 5024 commemorantur
1154 4961 1187 5022 iu
1211 4960 1345 5037 papyris
1368 4973 1438 5032 aeg.
1463 4956 1509 5018 Of.
