3662 5606
800 443 863 504 401

220 625 273 684 ubi
296 625 400 702 plura.
424 657 465 666 -
491 625 597 686 Asioi.
622 626 675 687 GD
703 628 798 704 1413,
823 629 843 687 9
867 623 1073 700 ἀποδέξασθαι
1096 625 1166 700 τοὺς
1188 625 1307 707 ἀγῶνας
1332 633 1391 688 τῶν
1410 649 1493 690 νικα-

219 725 334 802 φοοίων
368 726 562 804 στεφανίτας,
595 725 648 805 top
679 724 734 805 μὲν
768 727 914 808 μουσικὸν
949 728 1170 792 ἰσοπύθιον
1204 731 1255 792 ici.
1288 729 1356 792 CIG
1389 733 1492 805 3493;

219 827 300 890 BOH
325 827 353 886 V
380 845 410 906 p.
436 830 630 905 375--384;
655 831 761 893 Mittb.
786 832 893 894 XXIV
917 833 996 906 231;
1025 831 1168 894 Dittenb.
1194 833 1268 906 2117,
1297 835 1361 908 191,
1387 831 1438 892 τὸν
1462 829 1494 893 di

218 929 363 1007 populato
386 927 436 990 καὶ
459 929 582 992 ἱππικὸν
606 931 857 1010 ἰοολύμαιον.
882 933 928 994 01.
950 934 971 995 l.
1000 936 1039 994 lo
1060 949 1108 1008 sq.
1134 937 1167 996 et
1187 934 1251 996 vid.
1277 929 1493 1011 ιόονὲμεος.

177 1027 358 1114 ῑσομὰτωρ·
382 1029 398 1092 ὅ
422 1042 457 1116 τῇ
480 1031 567 1112 μητρὶ
589 1033 662 1107 ἴσος.
686 1037 809 1114 Κρῆτες.
833 1036 873 1097 Η.

176 1127 354 1218 ἰσομερής,
389 1149 548 1211 aequae
589 1135 897 1212 longitudinis,
935 1138 982 1196 ΡΒ
1014 1138 1089 1212 393,
1123 1139 1161 1197 11
1198 1141 1238 1202 ie.
1275 1140 1335 1198 101
1368 1155 1398 1213 p.
1430 1137 1492 1204 Ol:

218 1232 365 1296 ἀποδώσω
389 1233 421 1295 ἐν
444 1237 643 1316 προθεσμίαις
666 1236 813 1319 ἰσομερέσι
838 1237 916 1300 δυσί.

176 1331 359 1418 ἰσομοιρία
383 1337 454 1400 Vid.
479 1353 506 1400 s.
532 1355 561 1400 v.
585 1338 691 1400 πίον.

174 1434 427 1520 ἒισέόμοιρος.
452 1438 523 1501 Vid.
547 1439 640 1512 ἴσος.

174 1535 351 1621 inuidiaeue
380 1537 469 1618 ἀγών.
501 1543 604 1604 inscr.
635 1542 742 1619 delph.
772 1546 806 1604 et
829 1547 888 1605 att.
913 1559 963 1619 ap.
988 1537 1149 1605 Dittenb.²
1172 1545 1235 1604 205
1260 1547 1294 1606 et
1319 1547 1393 1608 206.
1420 1546 1491 1606 Vid.

218 1639 465 1718 ἱσολύμπιος.

175 1737 345 1824 tetecum.
375 1744 412 1804 In
444 1746 574 1806 ostraco
604 1744 855 1808 Hermantbidis
882 1762 968 1808 saec.
1000 1747 1031 1806 11
1054 1761 1084 1808 a.
1109 1745 1142 1808 0.
1175 1750 1306 1825 χαλκοῦ)
1328 1746 1494 1825 ἰοονόαιου)

217 1846 326 1919 agitur
349 1846 387 1906 de
412 1846 625 1921 vestigalibus
648 1846 816 1908 solvendis
840 1863 897 1924 per
920 1849 1096 1910 drachmas
1119 1863 1239 1910 aeneas
1262 1850 1334 1910 sine
1357 1850 1494 1925 collybo.

217 1947 290 2007 Vid.
315 1947 462 2008 Wilelren
487 1948 523 2008 0.
546 1948 582 2009 G.
606 1949 621 2007 Ι
645 1965 674 2024 p.
701 1949 765 2010 724
789 1965 837 2024 sq.

174 2043 383 2111 ἰσοπολιτεία
404 2049 538 2126 ,Altera
556 2051 690 2112 demum
710 2052 800 2112 tertii
821 2067 850 2112 a.
872 2050 905 2113 O.
925 2051 1048 2112 saeculi
1060 2054 1153 2128 parte
1165 2053 1314 2128 usurpari
1328 2055 1492 2130 coeptum,

217 2151 305 2212 idem
336 2151 400 2211 sibi
425 2151 508 2212 veile
538 2167 576 2212 ao
603 2151 733 2212 πολιτεία
758 2147 805 2211 ἐπ’
832 2151 882 2235 ἴσῃ
905 2150 956 2212 mi
979 2148 1066 2234 ὁμοίᾳ
1098 2153 1270 2215 titulorum
1295 2155 1496 2216 testimoniis

217 2254 384 2329 congestis
403 2257 437 2314 et
456 2255 657 2314 examinatis
676 2255 775 2315 evicit
794 2255 914 2316 Szanto
937 2254 1008 2325 (das
1028 2257 1081 2316 Gr.
1095 2255 1313 2330 Burgerrecht
1324 2271 1354 2330 p.
1369 2257 1409 2317 67
1424 2260 1494 2330 sol.

218 2356 253 2416 ld
278 2369 352 2416 cum
376 2357 416 2416 de
440 2356 574 2416 civitate
598 2356 731 2416 honoris
754 2371 855 2416 causa
877 2356 1019 2431 singuiis
1043 2357 1231 2417 bominibus
1254 2357 1398 2430 decreta,
1424 2361 1493 2418 tum

217 2458 257 2517 de
282 2473 321 2517 ea
343 2473 443 2531 quam
466 2457 570 2517 altera
593 2457 712 2544 ciuitas
739 2473 804 2518 uuo
827 2457 1007 2531 eodemque
1030 2459 1161 2520 decreto
1184 2459 1338 2518 omnibus
1360 2458 1497 2520 alterius

218 2558 348 2619 civibus
376 2559 490 2633 donat,
514 2560 674 2634 usurpari.
699 2559 761 2620 Hic
785 2559 815 2618 id
840 2575 904 2619 uno
927 2561 1077 2636 tempore
1100 2559 1140 2621 ab
1165 2563 1302 2633 utraque
1326 2563 1417 2634 parte
1441 2558 1494 2633 iit,

218 2663 256 2720 ut
279 2660 466 2734 frequenter
488 2659 521 2719 in
544 2661 650 2734 pactis
675 2661 861 2720 civitatium
882 2661 1009 2722 insulae
1028 2661 1176 2722 Oretae”.
1196 2655 1358 2722 Dittenb.²
1380 2661 1419 2722 ad
1444 2663 1495 2722 tit.

218 2761 387 2835 Phigaliae
418 2763 493 2836 234,
521 2761 561 2821 10
588 2751 662 2838 ἦμεν
685 2766 745 2832 τοῖς
771 2761 956 2834 Μεσοανίοις
978 2759 1029 2821 καὶ
1052 2766 1113 2833 τοῖς
1139 2761 1273 2833 Φιαλίοις
1297 2761 1494 2822 ἰσοπολιτείαν

218 2860 269 2921 καὶ
293 2859 461 2942 ἐπιγαμίαν.

174 2959 427 3046 ἒισοπρόξενος
438 2961 500 3026 καὶ
512 2959 804 3046 fractoponte,
824 2965 907 3025 civis
919 2964 1043 3038 optimo
1057 2965 1140 3040 iure,
1158 2965 1209 3025 cui
1222 2965 1341 3025 licebat
1358 2965 1494 3039 proxeni

218 3070 252 3126 et
276 3065 436 3139 demiurgi
459 3079 598 3126 munere
619 3065 720 3140 iungi.
746 3065 808 3126 Tit.
834 3065 924 3126 eleus
948 3066 992 3124 ΙΑ
1019 3067 1092 3124 113.

175 3163 353 3248 ἰσοποχὲς
382 3164 529 3244 χιτώνιον,
563 3166 804 3241 aequiplex,
840 3166 970 3242 plicis
1002 3165 1265 3240 aequalibus.
1298 3166 1399 3225 Inscr.
1435 3168 1494 3224 att.

218 3284 271 3344 ap.
295 3267 458 3342 Rangabe.
483 3270 521 3330 Α.
547 3267 587 3327 Η.
614 3268 678 3328 862
702 3267 832 3342 (Kum.).

175 3362 367 3444 incaduca.
391 3369 462 3430 Vid.
487 3367 736 3444 ἰσολύμαιος.

177 3469 288 3545 bioca.
312 3471 383 3532 Vid.
408 3470 480 3554 ἴσῃ.

174 3566 249 3648 ἶσος
284 3575 316 3634 et
350 3566 462 3646 καλός
495 3571 581 3648 apud
616 3571 821 3646 Herondam,
857 3573 893 3630 ut
923 3571 1008 3646 apud
1040 3572 1202 3646 elegiacos
1233 3571 1308 3631 inde
1340 3585 1360 3630 a
1389 3571 1497 3632 medio

219 3673 351 3734 saeculo
382 3689 411 3735 a.
443 3673 476 3734 0.
509 3677 618 3748 sexto,
650 3673 798 3733 vocalem
829 3673 926 3732 modo
953 3673 1146 3748 corripiunt,
1170 3672 1268 3732 modo
1292 3672 1383 3746 epico
1406 3687 1498 3732 more

219 3775 413 3850 producunt.
438 3775 483 3836 De
506 3775 638 3837 Ionibus
663 3774 702 3834 of.
728 3773 849 3833 Hoffm.
874 3774 920 3832 lll
945 3775 1010 3834 372
1030 3790 1079 3849 sq.
1104 3777 1138 3834 et
1163 3775 1226 3834 314
1251 3789 1299 3846 sq.
1324 3772 1497 3832 Cretenses

220 3879 359 3936 utuntur
389 3877 496 3938 forma
519 3876 689 3950 primitiva
710 3875 855 3946 lisine
883 3875 1226 3952 (ο11ισ16μοιρος1
1250 3873 1303 3934 LG
1327 3873 1357 3932 X
1381 3875 1434 3946 53,
1458 3874 1496 3934 ir.

219 3979 256 4038 B.
289 3979 326 4052 2;
358 3979 439 4040 lius,
472 3977 544 4038 ital.
575 3978 606 4036 H
637 3976 725 4038 Gort.
754 3979 806 4052 79,
836 3979 863 4037 1.
890 3979 918 4037 2.
945 3979 997 4054 82,
1023 3979 1052 4037 2.
1078 3978 1158 4038 Oax.
1187 3978 1236 4050 10,
1265 3977 1315 4034 10.
1340 3974 1498 4034 Similiter

219 4080 405 4140 boeoticum
438 4095 496 4140 vas
528 4081 586 4138 EA
620 4080 705 4140 1900
735 4094 764 4153 p.
793 4079 854 4138 109
878 4082 912 4138 et
937 4078 1119 4154 Acraphiae
1142 4079 1194 4138 tit.
1219 4076 1316 4150 IGSI,
1342 4077 1429 4135 2120
1453 4075 1498 4135 ibi

220 4182 344 4242 citatus
366 4181 523 4242 exhibent
545 4179 797 4263 tradidique.
821 4180 900 4242 lude
923 4183 1002 4240 nata
1025 4182 1077 4240 eet
1100 4179 1207 4239 torma
1230 4178 1353 4239 aeolica
1375 4175 1499 4252 ἴσους,

221 4297 252 4342 v.
277 4297 305 4344 c.
340 4282 468 4359 Sappho
502 4282 541 4342 fr.
577 4282 630 4358 91,
660 4284 679 4342 5
710 4280 843 4360 γάμβρος
875 4279 957 4350 ideoq
982 4277 1082 4358 ”Apeva
1113 4280 1164 4348 (ci.
1197 4275 1437 4352 ἰσσοθὲοισι)
1465 4280 1498 4338 et

220 4384 341 4459 ionica,
362 4385 453 4459 opica
471 4375 542 4454 ἶσος.
563 4383 658 4459 Apud
677 4383 853 4444 Pindarum
876 4385 909 4441 et
927 4381 1175 4456 Bacchylidem,
1196 4383 1234 4439 ut
1252 4379 1336 4454 apud
1354 4378 1496 4452 Atticos,

220 4485 337 4556 καλός
367 4485 484 4561 ubique
508 4487 642 4548 brevem
666 4484 766 4545 habet
790 4484 952 4558 vocalem,
982 4475 1142 4542 locabis
1166 4481 1288 4556 legitur
1311 4479 1396 4554 apud
1420 4479 1496 4538 Bac·

221 4587 386 4662 chylidem
410 4587 426 4646 I
452 4589 523 4648 172.
548 4578 821 4665 112ο1ἲσόθεξῳν
844 4585 908 4645 XII
934 4585 1007 4660 156,
1032 4585 1089 4644 sed
1113 4581 1198 4653 ἴσος
1224 4582 1249 4640 V
1272 4583 1325 4656 46,
1347 4583 1385 4640 ut
1405 4582 1500 4640 extra

222 4690 494 4765 compositionem
527 4689 717 4748 constanter
748 4687 871 4748 babent
900 4685 1061 4746 Pindarus
1092 4687 1125 4744 et
1156 4684 1286 4759 tragici,
1318 4683 1436 4758 quibos
1467 4684 1498 4743 in

222 4790 459 4865 compositione
489 4789 557 4850 iota
586 4789 765 4864 producere
796 4787 926 4848 licebat.
959 4787 1053 4862 Apud
1084 4786 1201 4860 Dores,
1237 4789 1274 4845 ut
1309 4785 1342 4844 in
1375 4784 1499 4858 Attica,

222 4893 398 4966 utrumque
421 4891 621 4952 adiectivum
640 4889 775 4950 brevem
795 4889 894 4950 habet
914 4888 1163 4964 paenultimam.
1183 4886 1229 4946 De
1249 4887 1366 4962 spiritu
1386 4900 1501 4961 aspero

222 4992 256 5051 in
280 4990 343 5064 ἴσος
366 4993 440 5054 vide
463 5008 490 5053 s.
516 5008 546 5053 v.
571 4990 662 5069 ἵσηι.
690 5023 729 5035 -
755 4989 826 5052 Vid.
851 4991 954 5050 etiam
978 4987 1104 5060 καλός.

1395 5091 1423 5134 ae
