3588 5600
798 417 860 480 159

207 623 238 667 u.
262 608 359 668 Rom.
384 607 489 682 myth.
515 607 530 666 Ι
556 607 571 666 1
598 621 627 684 p.
655 607 750 682 1897,
777 608 821 682 4),
847 621 912 668 non
935 608 1006 668 tam
1029 609 1166 669 senatus
1188 609 1363 684 patronum
1387 623 1486 683 quam

206 725 317 784 regern
344 709 520 770 inferorum
544 705 744 784 significare,
777 707 861 782 quod
889 707 982 782 argui
1006 708 1181 770 coniuncta
1204 707 1330 770 (iereria
1354 711 1388 772 et
1411 710 1484 771 Pro·

209 813 361 888 serpinae
384 813 564 874 mentione.

163 909 382 999 βοολ(εοτὴς)
402 913 569 995 orrolo'yov.
589 914 666 991 Pap.
688 912 796 975 Grani.
818 913 924 990 1103,
946 913 1150 978 00000111
1170 929 1200 990 p.
1222 913 1277 976 0.).
1302 915 1487 991 Principem

209 1033 284 1078 eum
308 1017 342 1077 in
366 1017 484 1079 horum
508 1015 646 1091 collegio
669 1015 772 1076 fuisse
796 1016 983 1092 suspicatur
1002 1014 1153 1076 Wilelren
1174 1014 1273 1078 0.u.1
1290 1031 1321 1090 p.
1341 1017 1406 1076 660
1427 1031 1486 1092 νο,

208 1119 281 1180 coll.
305 1115 464 1197 βουλευτα1
488 1114 590 1198 ἱερέων
613 1117 646 1178 in
671 1115 794 1194 Canopi
817 1117 946 1180 decreto
972 1119 1024 1179 73.

165 1216 345 1305 βουλεψίη·
376 1215 396 1298 ἡ
425 1217 500 1293 λέξις
531 1216 613 1298 παρὰ
643 1215 771 1303 Ξάνθῳ,
793 1215 869 1298 λέγει
892 1215 925 1278 tii
948 1217 999 1290 τὰς
1027 1218 1197 1296 Ἀμαζόνας,
1221 1217 1343 1282 ἐπειδὰν
1366 1217 1488 1280 τέκωσιν

210 1319 314 1400 ἄρρεν,
337 1320 507 1401 ἐξορύσσειν
530 1319 625 1381 αὐτοῦ
648 1319 718 1393 τοὺς
742 1315 921 1398 ὀφθαλμοὺς
945 1317 1122 1404 αὐτοχειρίᾳ.
1146 1321 1187 1384 Η.
1220 1321 1341 1384 Forma
1363 1321 1487 1398 ionica,

210 1424 266 1485 sed
296 1422 494 1484 vocabulum
522 1437 656 1497 prorsus
686 1421 875 1498 obscurum,
905 1435 965 1488 nec
994 1422 1173 1496 quidquam
1203 1421 1393 1500 proficimus
1417 1439 1489 1484 oon·

210 1527 335 1588 iectura
358 1522 576 1604 βουλαψίη,
599 1524 663 1584 niel
686 1524 771 1585 iorte
795 1523 950 1586 Xanthus
973 1523 1045 1603 0οο
1068 1539 1126 1600 per
1153 1521 1312 1602 ὀφθαλμός
1336 1543 1354 1587 e
1378 1526 1489 1588 nescio

211 1645 274 1704 quo
296 1641 451 1688 sermone
474 1627 713 1701 interpretatus
737 1627 798 1686 eet.

169 1725 415 1814 βουλογραφία.
439 1728 591 1802 Ancyrae
615 1728 713 1790 inecr.
739 1726 808 1789 (110
830 1729 930 1791 4015.

169 1827 351 1914 βούλομαι.
395 1831 533 1892 Formae
574 1829 785 1890 dialecticae:
825 1830 1000 1892 Cretenses
1031 1834 1065 1892 et
1102 1832 1290 1908 Pamphylii
1320 1831 1492 1912 βώλομαι

212 1929 1492 2015 0100113111,Αο0100βόλλαμαι,Α1001100βόλομαι,Τ11000011βέλλομαι,

211 2037 325 2098 Boeoti
355 2033 554 2113 βείλομαι,
584 2033 730 2110 plerique
757 2034 862 2097 Dorea
885 2033 1073 2112 δήλομαι,
1096 2037 1278 2098 Locrenses
1301 2037 1492 2115 δείλομαι.

213 2139 259 2200 01.
284 2137 409 2199 Hoffm.
432 2138 448 2198 1
473 2137 547 2200 218.
572 2137 766 2212 11319sq.

170 2235 321 2322 βουνιάς·
346 2237 499 2318 γογγυλίδν
527 2236 642 2316 ὅμοιον.
676 2237 821 2300 Θετταλοί.
846 2237 886 2300 Η.
910 2238 1038 2300 Plinius
1061 2240 1099 2302 N.
1123 2241 1164 2304 Η.
1192 2240 1255 2302 XX
1281 2243 1316 2306 4:
1348 2241 1490 2304 alierum

212 2357 317 2417 genus
349 2351 525 2416 (raporum)
555 2340 737 2402 buniada
767 2340 935 2416 appellant
965 2343 999 2403 et
1030 2343 1176 2420 raphano
1207 2347 1241 2404 et
1270 2359 1349 2420 rapo
1372 2345 1492 2408 simile.

213 2443 368 2504 Nicandri
392 2443 431 2504 fr.
456 2443 512 2519 70,
538 2443 569 2506 3.

171 2539 302 2624 βουνὸς·
335 2542 446 2622 στιβάς.
470 2543 611 2622 Κύπριοι.
634 2544 675 2606 Η.
700 2544 788 2605 Furi.
814 2545 990 2622 Κυρηναῖοι.
1015 2545 1061 2608 cl.
1086 2546 1162 2607 Her.
1186 2547 1329 2624 17139,
1355 2549 1395 2610 ad
1419 2564 1448 2622 q.
1470 2548 1491 2610 l.

215 2647 277 2707 vid.
303 2645 435 2706 Sohwh.
459 2645 524 2706 lex.
549 2660 575 2705 e.
601 2661 632 2706 v.
658 2644 754 2705 Hunc
776 2646 924 2720 sequitur
946 2647 1097 2708 Eustath.
1123 2647 1163 2708 ad
1188 2647 1245 2710 Od.
1270 2665 1300 2724 p.
1328 2651 1490 2726 1854,12.

215 2749 284 2810 Sec.
309 2748 534 2823 Phrynichum
557 2762 588 2822 p.
613 2747 676 2808 355
701 2746 778 2808 Lob.
804 2748 916 2808 crebro
939 2748 1002 2810 hoc
1026 2749 1181 2810 vocabulo
1204 2750 1257 2812 uei
1276 2754 1356 2814 sunt
1377 2754 1493 2828 poetae

215 2849 315 2910 Siculi
339 2851 373 2910 et
395 2848 582 2925 Philemon,
607 2847 791 2922 Aeschylus
815 2849 915 2910 habet
938 2850 1047 2925 Suppl.
1075 2851 1150 2927 109,
1176 2867 1236 2913 neo
1258 2855 1373 2928 postea
1395 2853 1492 2915 abeti-

214 2953 357 3012 nuerunt
381 2950 606 3014 Alexandrini.
630 2949 730 3010 Plura
752 2950 815 3011 vid.
841 2951 874 3010 in
899 2951 1076 3014 Thesauro.
1102 2986 1143 2996 —
1167 2954 1300 3028 Legitur
1323 2957 1437 3016 autem
1460 2955 1493 3016 in

215 3054 265 3114 tit.
289 3051 416 3114 Rhodio
447 3067 533 3114 saec.
557 3052 589 3112 II
619 3066 670 3127 ap.
700 3050 874 3112 Hiolreium
904 3053 1006 3116 Inscr.
1037 3054 1118 3116 Brit.
1143 3055 1224 3116 line.
1248 3056 1383 3118 111443
1409 3059 1493 3118 extr.

216 3153 256 3226 εἰς
279 3152 331 3214 τὸν
355 3150 498 3213 &aaroni
520 3149 635 3232 βουνὸν
657 3150 709 3211 τὸν
732 3151 841 3230 λεπρὸν
865 3151 1018 3230 ἐθήκαμεν
1042 3152 1121 3230 ὅρον.

173 3253 371 3338 promotior
396 3253 643 3334 (=tiovssollov)
675 3255 785 3333 ζεῦγος.
816 3254 888 3315 Deli
912 3255 1010 3316 inser.
1035 3256 1118 3318 3οΗ
1142 3257 1186 3318 VI
1209 3273 1239 3333 p.
1265 3261 1318 3321 47.
1347 3261 1419 3322 127.
1447 3260 1493 3321 lli.

217 3359 295 3422 Hes.
320 3356 516 3439 βονπαλίὸ
524 3373 569 3429 ες·
593 3354 800 3435 aspirantem.

175 3455 370 3543 βούπρῳρος
401 3453 583 3533 coherente.
615 3457 669 3519 00
694 3458 795 3534 2652,
822 3459 858 3519 2;
883 3459 1055 3521 duodecim
1084 3461 1226 3538 hostiae,
1259 3477 1399 3537 quarum
1430 3465 1497 3526 dux

216 3563 276 3622 bos
298 3563 360 3623 est.
393 3561 440 3624 Gi.
472 3559 646 3640 βόαρχος
677 3557 835 3637 τριττόα
867 3561 900 3622 01
924 3560 1001 3621 ΗΘΒ.
1027 3577 1053 3624 s.
1079 3561 1324 3647 βούπρῳρον·
1348 3565 1444 3630 θυσία
1467 3563 1497 3640 ἐξ

217 3659 321 3723 ἑκατὸν
343 3662 503 3743 προβάτων
526 3659 576 3722 καὶ
598 3659 669 3741 βοὸς
694 3657 769 3733 ἑνός.
793 3659 864 3722 vid.
890 3657 1031 3740 ἀγαῖος
1056 3661 1368 3743 Θ1ννροοτόβοιος.

176 3760 387 3848 perpremat,
421 3763 645 3840 burgorum
681 3764 714 3838 (1.
739 3779 766 3824 e.
792 3779 969 3840 parvorum
1004 3765 1216 3828 castellorum
1252 3769 1304 3829 vel
1340 3771 1496 3848 turrium,

218 3867 335 3941 quihus
369 3866 512 3928 Romani
541 3864 624 3926 fines
658 3865 789 3942 imperii
819 3865 1024 3936 tutabantur)
1055 3869 1327 3943 praesidium.
1355 3872 1498 3948 Aegypti

218 3969 315 4032 insor.
347 3971 412 4030 aet.
444 3967 594 4042 septimii
625 3968 738 4028 Severi
769 3969 826 4028 aut
856 3968 1039 4030 Pertinacis
1069 3985 1119 4045 ap.
1152 3967 1312 4032 Dittenh.²
1342 3974 1421 4050 032,
1454 3974 1496 4034 52

220 4065 410 4146 infigendae
439 4067 628 4148 βονργαρίων
657 4065 708 4127 καὶ
738 4077 882 4148 φρουρῶν
911 4067 961 4128 καὶ
992 4067 1158 4148 ἀνγαρειῶν
1189 4068 1300 4146 ἄνεσιν,
1326 4073 1381 4133 ubi
1416 4073 1498 4134 citet

220 4169 294 4232 (iod.
315 4170 436 4232 Theod.
456 4168 521 4230 XII
542 4169 596 4245 19,
619 4171 652 4245 2,
677 4170 764 4230 unde
787 4171 918 4232 servilia
937 4170 1136 4234 conditionis
1155 4187 1211 4232 eos
1230 4173 1332 4233 luteae
1351 4178 1496 4249 apparet.

182 4265 495 4352 doopcaoadptoooq·
519 4265 537 4347 ἡ
561 4267 698 4347 ἄμπελος.
725 4272 875 4349 Περγαῖοι.
899 4270 940 4332 Η.

182 4367 258 4450 βοῦς
280 4373 388 4434 dorice
411 4372 651 4448 diphthongum
675 4375 800 4449 servat,
825 4373 904 4435 licet
926 4373 1051 4450 passim
1070 4375 1282 4450 grammatici
1302 4377 1502 4438 contendant

221 4474 365 4536 doricum
391 4489 465 4536 esse
487 4474 577 4552 βῶς,
599 4476 633 4534 ei
655 4473 785 4549 legatur
808 4475 871 4553 βῶν
890 4475 1025 4538 Theocr.
1045 4475 1172 4538 XXVII
1191 4477 1247 4553 03,
1269 4476 1329 4556 lior
1348 4485 1446 4548 (nom.
1459 4491 1498 4552 e.)

221 4577 267 4638 IX
290 4579 311 4638 9
335 4580 369 4638 et
392 4587 470 4648 (aco.
493 4575 548 4652 pl.)
571 4576 649 4637 VIII
672 4577 731 4654 48,
756 4578 952 4653 saepissime
975 4594 1052 4640 vero
1075 4577 1218 4656 βωκόλοι,
1235 4577 1332 4658 pocae
1352 4582 1414 4644 eto.
1435 4581 1497 4643 Sed
1581 4659 1582 4664 ρ

222 4677 309 4754 βόες
334 4681 387 4742 eet
416 4677 592 4740 Theocr.1
617 4679 669 4740 74.
693 4678 737 4739 IV
763 4679 791 4740 1.
817 4679 869 4742 20.
894 4679 972 4740 VIII
995 4681 1048 4742 48.
1074 4681 1127 4742 80.
1157 4679 1276 4757 βουσί
1296 4681 1343 4742 IX
1367 4683 1397 4746 3.
1422 4681 1499 4744 XVI

223 4783 273 4842 55.
291 4780 384 4842 XVII
410 4780 483 4840 101.
508 4777 602 4857 βόας
626 4781 641 4840 I
668 4780 741 4841 120.
766 4780 860 4858 βοῦς
883 4781 1071 4858 Epicharmi
1094 4781 1132 4843 ir.
1158 4782 1211 4858 97,
1236 4782 1357 4843 ibidem
1381 4783 1448 4861 βοΐ
1467 4786 1501 4844 et

223 4881 355 4946 Theocr.
379 4880 458 4941 VIII
481 4881 533 4943 80.
558 4880 656 4960 βοῦν
684 4881 831 4954 [XXVII]
856 4884 913 4956 63;
938 4883 972 4942 in
996 4883 1047 4944 tit.
1068 4882 1239 4945 Hermion.
1264 4882 1318 4944 GD
1342 4885 1444 4960 3828,
1467 4887 1497 4946 0.

224 4981 269 5044 cl.
299 4982 431 5045 Ahrene
457 4981 489 5044 11
520 4997 551 5057 p.
579 4983 651 5046 105.
684 4982 836 5060 Boiaaoq,
865 4998 895 5057 p.
927 4985 987 5044 147
1013 4998 1061 5058 sq.
1089 5017 1125 5027 —
1151 4983 1223 5046 Vid.
1248 4983 1377 5062 cipere
1399 4987 1434 5045 et
1457 4983 1497 5045 ci.
