3656 5594
832 419 896 480 643

201 595 525 666 rudissimam
558 603 671 664 Alcaei
700 602 740 664 ir.
773 603 826 677 49,
859 604 893 676 4;
926 603 979 678 26,
1011 604 1041 664 4.
1074 601 1121 664 cf.
1146 603 1293 679 Mytilen.
1317 607 1368 666 tit.
1392 607 1466 683 101,
1491 609 1522 668 Ii

245 707 297 780 60,
323 707 364 765 34
388 701 594 782 πελομλ[νων].
619 705 728 765 Iitiem
752 704 912 766 Pindarus
935 704 1043 764 forma
1062 704 1172 765 media
1190 707 1304 782 utimr,
1325 722 1425 781 quam
1444 712 1524 771 sunt

244 809 298 880 qui
324 807 447 880 ubique
478 806 621 867 Homero
649 805 848 867 reddendam
879 819 951 866 esse
982 807 1113 882 putent,
1144 807 1291 882 exceptis
1314 808 1420 870 tribus
1442 809 1524 872 iocis

247 910 280 968 0.
312 910 340 984 1,
374 909 431 982 46;
464 909 493 966 P.
525 906 571 968 IV
600 908 677 982 1453
698 907 713 966 Ι
737 909 789 969 53.
814 907 909 982 Apud
932 907 1164 982 Bacchylidem
1189 908 1261 970 sola
1283 909 1391 971 forma
1413 913 1524 974 media

243 1011 376 1071 servata
414 1012 474 1070 est.
514 1007 638 1069 Contra
675 1007 791 1083 tragici
829 1007 937 1068 forma
975 1007 1085 1068 activa
1120 1009 1334 1083 potissimum
1372 1014 1522 1076 utuntur.

244 1112 409 1186 Archytas
445 1110 533 1172 Stob.
569 1110 653 1171 Flor.
689 1111 704 1168 Ι
738 1111 799 1171 106
830 1106 983 1188 πέλονται,
1017 1110 1101 1184 quod
1137 1112 1195 1172 vix
1226 1115 1315 1174 recte
1349 1114 1451 1177 Cobet
1488 1117 1521 1177 in

244 1211 362 1273 πέλανοι
385 1212 508 1273 mutari
531 1212 638 1272 iussit.

199 1310 335 1400 πεληάρ
355 1313 477 1392 (πελήαρ
502 1313 619 1388 vulgoi·
639 1311 811 1391 περιστερός
832 1345 872 1356 -
891 1311 1044 1384 Λάκωνες.
1063 1313 1104 1376 Η.
1125 1313 1171 1375 Oi.
1196 1309 1343 1374 πέλεια.
1367 1315 1519 1380 ceterum

244 1417 372 1493 proprie
403 1413 525 1476 diversi
555 1416 634 1474 sunt
666 1429 760 1490 aves,
797 1413 989 1475 columba
1019 1417 1053 1475 et
1086 1415 1316 1492 palumbes.
1346 1417 1393 1480 Of.
1417 1419 1519 1482 ArIst.

243 1519 284 1581 H.
304 1520 343 1579 A.
362 1517 391 1576 V
417 1519 467 1577 13.
493 1515 620 1576 Nomen
643 1517 780 1577 ductum
804 1519 856 1577 sst
879 1531 899 1576 a
922 1515 1038 1576 colore.
1059 1516 1179 1577 Forma
1198 1518 1301 1578 attica
1320 1522 1372 1580 est
1390 1519 1523 1596 πελειάς,

241 1621 337 1680 iuxta
359 1633 459 1692 quam
483 1619 599 1693 poetae
622 1619 787 1692 usurpant
810 1613 920 1678 πέλεια.

197 1715 372 1795 Πελιάδες
394 1719 505 1781 fabula
528 1719 600 1780 sine
623 1721 739 1794 poetae
763 1719 906 1780 nomine.
932 1717 1001 1780 ΟΙΑ
1026 1719 1057 1777 II
1081 1719 1155 1794 973,
1184 1721 1198 1778 1
1224 1714 1399 1797 Πελιάδες
1422 1717 1518 1805 Εὐρι-

242 1819 340 1884 arturo
363 1822 439 1882 ibid.
464 1821 585 1882 99211
612 1822 661 1882 15.

197 1918 299 1999 πὲλιξ
329 1920 470 1998 (πέλλιξλ)
492 1946 534 1972 --
554 1919 663 1998 λεκάνη
694 1921 780 1998 apud
811 1921 930 1983 Aeoles
962 1935 1027 1982 sec.
1059 1920 1140 1982 Poll.
1169 1921 1200 1982 X
1232 1923 1284 1984 78.
1309 1923 1355 1984 CI.
1379 1925 1519 2001 pelvis

242 2021 376 2101 πόλλα,
398 2022 539 2095 πολλός.

197 2120 357 2208 πελίχνα.
385 2125 506 2186 Athen.
530 2123 575 2184 VI
597 2125 662 2185 495
677 2121 717 2184 (λε
744 2120 889 2196 Σέλευκος
909 2121 943 2184 δέ
966 2137 1051 2202 (φησι
1074 2136 1132 2197 ee.)
1155 2124 1346 2205 πελίχναν
1370 2128 1519 2200 Βοιωτοὺς

242 2227 310 2299 τοὺς
342 2222 395 2303 μὲν
417 2223 472 2304 τὴν
494 2225 616 2302 κύλικα,
633 2223 807 2304 Εὐφρόνιος
831 2221 862 2286 d’
890 2223 922 2286 ἐν
940 2219 1145 2302 ’Ίλτομνήμοσι
1167 2223 1219 2298 τὰς
1242 2225 1327 2306 χόας,
1350 2229 1390 2290 de
1412 2231 1519 2306 priore

242 2329 410 2391 sententia
433 2329 540 2389 citans
562 2327 727 2389 Philotam
751 2324 783 2386 ἐν
806 2326 959 2400 Ἀτάκτοις.

198 2426 325 2494 πόλλα.
357 2429 542 2491 Clitarchus
572 2426 604 2488 Io
630 2427 783 2501 Γλώσσαις
813 2429 934 2490 Athen.
963 2428 1023 2488 VII
1047 2445 1077 2505 p.
1102 2429 1167 2489 495
1193 2431 1221 2486 E
1239 2429 1301 2492 hoc
1319 2431 1520 2493 vocabulum

242 2549 308 2594 una
327 2548 404 2594 cum
427 2529 624 2610 πελληιήρ
638 2553 680 2580 --
693 2527 838 2610 όμολγεός
861 2531 979 2592 tribuit
1001 2531 1219 2592 Aeolensibus
1242 2533 1276 2592 et
1299 2531 1478 2596 Thessalis.

198 2630 371 2698 Πελλάνα
393 2634 556 2695 dorioe=
569 2631 722 2710 Πελλήνη,
747 2649 776 2694 v.
791 2647 818 2694 ο.
841 2634 975 2708 saepius
994 2633 1079 2707 apud
1098 2633 1287 2694 Pindarum.
1318 2666 1352 2676 —
1378 2635 1519 2694 Πελλά-

242 2752 335 2808 νιος·
360 2734 517 2796 Ποσειδῶν
540 2732 573 2794 όν
597 2733 708 2819 Κρήτῃ.
732 2735 773 2800 Η.

197 2831 342 2912 πολλᾶς.
365 2836 437 2898 vid.
462 2834 657 2907 πελείονς.

197 2933 383 3012 πελλάτοις.
407 2937 479 2998 Vid.
503 2936 706 3014 φελλόιας.

196 3033 384 3124 πελλητῆρ·
415 3037 599 3118 πολυφάγος.
630 3035 784 3117 όμολγεός.
817 3037 858 3097 Η.
890 3037 942 3098 Ita
972 3037 1099 3097 correxi
1123 3051 1180 3111 pro
1203 3033 1340 3116 ἀμολγός.
1363 3036 1410 3097 Os.
1434 3053 1461 3098 e.
1488 3055 1516 3100 v.

240 3137 359 3200 πόλλα
383 3142 417 3202 ei
439 3143 697 3217 πελλαντῆρα·
721 3135 850 3217 ἀμολγέα
875 3153 894 3198 a
916 3154 948 3198 v.
972 3136 1138 3196 πελλαίνειν
1162 3137 1293 3197 ibidem.

196 3236 317 3316 πολλός
333 3240 461 3316 (uetito,
483 3241 642 3317 pelvisi·
666 3239 783 3318 λεκάνη.
805 3240 845 3301 II.
867 3239 1082 3315 Hipponactis
1105 3239 1144 3300 ir.
1165 3239 1217 3299 38.
1239 3239 1338 3299 Sirit.
1363 3238 1516 3314 palari.

195 3337 324 3405 πολλόν
347 3343 527 3418 (pullum)
550 3340 676 3418 λμότιον.
700 3342 763 3402 Tit.
787 3341 917 3402 doricus
937 3341 971 3400 in
995 3340 1125 3401 Bruttia
1147 3340 1230 3401 IGSI
1254 3341 1330 3402 644.

195 3439 330 3527 τέλμα,
354 3444 481 3504 solea.
505 3443 647 3504 Herond.
671 3442 750 3502 VIII
776 3443 848 3504 105.
872 3442 944 3503 Vid.
969 3441 1086 3502 lexica.

195 3541 469 3622 πέλται-πέλτη.
501 3547 560 3604 ΤΗ
587 3545 602 3604 Ι
632 3547 663 3606 ὅ.
695 3545 726 3605 11
750 3545 781 3622 4,
804 3547 842 3604 ut
871 3544 905 3604 in
936 3543 1055 3604 iisdem
1078 3543 1200 3604 tabulis
1223 3539 1374 3620 όνθεμον,
1395 3541 1519 3621 βότρυς,

240 3652 338 3727 γυῖον,
356 3645 493 3725 ἔμβολος,
516 3643 694 3718 ἐπιστύλιον,
713 3646 837 3725 θρῑναξ,
860 3647 1029 3723 ταροτεῖον,
1046 3643 1196 3723 κιβώτιον,
1213 3643 1369 3723 λωτήριον,
1387 3645 1517 3720 insigne

240 3749 404 3824 quoddam
438 3747 581 3808 hominIs
615 3747 742 3808 nomini
776 3747 1027 3822 praescriptum.
1063 3745 1179 3806 Kaibel
1213 3745 1311 3822 IGSI,
1346 3759 1420 3821 pag.
1454 3746 1516 3806 174

240 3854 354 3912 monet
383 3850 416 3909 in
447 3847 615 3924 amphoris
647 3847 763 3908 cnidiis
793 3848 827 3907 st
855 3846 979 3906 rhodiis
1002 3845 1198 3921 saepissime
1221 3845 1384 3906 similium
1408 3860 1518 3906 rarum

240 3952 403 4027 imagines
425 3949 573 4025 reperiri,
599 3963 682 4023 quae
705 3949 773 4009 sint
796 3947 908 4024 procul
931 3946 1028 4007 dubio
1051 3949 1275 4008 mercatorum
1298 3946 1451 4022 insignia.

195 4049 392 4116 πελτασταί.
417 4051 488 4113 OIA
510 4051 526 4110 I
549 4051 603 4112 54.
628 4051 680 4112 55.

194 4148 401 4237 πελτοφόροι
413 4177 454 4200 =
468 4150 645 4229 πελτοφόροι
664 4151 790 4227 passim
809 4151 876 4212 tiu.
897 4149 1046 4210 boeotici.
1067 4147 1121 4210 GD
1135 4149 1327 4222 528-550;
1349 4150 1412 4209 735
1430 4163 1517 4222 sqq.:

240 4253 283 4315 τολ
307 4251 527 4334 ἀπεγράψανθο
551 4250 580 4325 ἐξ
604 4250 732 4332 ἑφείβων
756 4249 791 4329 ἐμ
815 4249 1074 4328 πελτοφόροις.
1100 4283 1140 4294 -
1165 4251 1218 4312 Sic
1242 4251 1442 4326 Aegosthen.
1462 4249 1516 4310 GD

240 4357 327 4417 8096
345 4355 395 4420 (ci.
417 4355 515 4418 3097)
536 4351 565 4426 ἐξ
585 4350 708 4432 ἐφήβων
728 4351 760 4413 ἐν
779 4349 963 4429 πελτοφόρας
983 4348 1176 4430 ἀπεγράψατο
1196 4351 1316 4423 Ἀλκίας.
1333 4353 1371 4412 In
1383 4351 1518 4425 reliquis

237 4456 552 4531 Aegosthenitarum
594 4453 862 4530 inscriptionibus
902 4453 1035 4512 brevius
1065 4445 1143 4510 πολλ’
1178 4449 1207 4524 ἐξ
1243 4449 1380 4530 λφήβανι
1417 4453 1514 4512 3095.

239 4557 470 4632 3098-3103,
495 4555 599 4617 semei
617 4556 703 4616 nude
723 4554 801 4615 ιολόε
821 4554 918 4616 3104.
940 4586 981 4596 -
1001 4552 1047 4612 De
1067 4553 1301 4614 terminatione
1321 4553 1362 4614 cf.
1382 4557 1520 4630 ναποῖαι,

239 4657 410 4737 σαμφόρας,
432 4656 630 4733 λευκολόφας,
653 4658 720 4718 elia
742 4658 896 4733 plurima.

192 4755 317 4837 πόλοξ,
340 4755 681 4835 tricameratum.
697 4758 846 4820 ·Babrius
870 4757 923 4832 34,
949 4757 979 4831 9,
1005 4756 1091 4816 unde
1114 4755 1262 4818 vocalem
1288 4756 1423 4832 longam
1443 4771 1517 4818 esse

239 4863 380 4922 constet.

191 4955 385 5036 Πελοσιών,
411 4961 500 5021 Sami
523 4961 663 5036 mensis,
678 4954 955 5038 εἙιαιομβαιόν
979 4960 1064 5019 att?
1087 4958 1253 5018 Bisschoii
1274 4959 1313 5018 de
1337 4958 1372 5018 λ’.
1386 4957 1475 5019 (id.
