3584 5604
509 1763 982 1849 PRAEMONENDA.

130 2343 245 2416 ¹uplex
282 2344 352 2402 lere
387 2343 454 2414 est,
488 2346 523 2402 ut
554 2343 660 2418 prodit
689 2337 760 2404 'lam
798 2343 930 2418 titulus,
967 2343 1065 2404 huius
1097 2343 1168 2404 libri
1200 2343 1285 2403 11111.
1321 2343 1401 2402 Gurn

130 2460 152 2502 1
194 2447 366 2518 quantum
405 2457 536 2518 possem
571 2445 723 2520 supplere
759 2445 846 2506 volui
885 2461 968 2520 quae
1003 2445 1099 2520 vulgo
1134 2445 1253 2506 desunt
1288 2443 1403 2504 lexicis

130 2546 336 2620 plerumque
367 2547 432 2620 ipsi
463 2545 619 2620 Stephani
649 2547 808 2608 Thesauri
838 2547 972 2608 editioni
1002 2547 1097 2608 alteri
1133 2545 1292 2608 vocabula
1318 2559 1404 2604 nova

143 2664 242 2707 nova
277 2649 408 2708 ratione
440 2651 598 2724 usurpata
621 2647 918 2724 vocabuloromque
946 2649 1071 2710 iormas
1094 2653 1163 2710 tam
1187 2663 1229 2709 ex
1253 2649 1401 2706 veterum

130 2749 200 2822 ptis
234 2747 429 2825 praegressi
459 2748 580 2810 saeculi
607 2753 700 2826 parte
723 2751 904 2826 posteriore
927 2751 1065 2811 delectis
1087 2753 1121 2810 et
1142 2751 1239 2811 editis
1263 2763 1362 2822 quam
1386 2763 1403 2806 e

130 2851 202 2920 rris
242 2853 281 2910 et
315 2849 586 2925 inscriptionibus
618 2851 752 2912 Graecis
782 2851 996 2926 conquisitas,
1036 2851 1153 2926 qulbus
1186 2865 1283 2925 saepe
1318 2863 1404 2908 nova

130 2952 272 3010 imonia
302 2951 536 3012 vocabulorum
568 2951 679 3028 paullo
710 2953 868 3014 rariorum
900 2953 1022 3028 addidi,
1055 2957 1126 3014 turn
1151 2968 1227 3014 vero
1250 2951 1404 3027 prodesse

137 3053 173 3110 ui
216 3050 442 3113 dialectomm
478 3068 669 3127 graecarum
701 3053 810 3114 studio
841 3055 1065 3130 comparativo
1099 3053 1296 3114 recensendo
1329 3048 1403 3109 sard

130 3159 213 3227 ςεῑον
245 3156 284 3215 11
305 3155 440 3229 saepius
462 3155 523 3214 sub
547 3169 611 3214 uno
635 3154 728 3229 quasi
752 3157 929 3230 conspectu
951 3155 1099 3230 ponendo
1122 3155 1271 3214 diversae
1294 3153 1402 3226 singu·

130 3271 166 3312 m
207 3253 345 3314 formas
374 3271 393 3315 e
424 3257 620 3330 scriptorum
651 3255 1011 3330 grammaticorumque
1042 3255 1135 3316 libris
1164 3269 1269 3330 exque
1297 3253 1403 3314 titulis

132 3355 267 3429 apyris
291 3355 468 3430 diligenter
492 3357 656 3418 collectae.

130 3473 148 3515 1
191 3460 318 3516 autem
356 3455 438 3517 liber
472 3459 538 3518 lam
573 3459 622 3518 sic
656 3457 741 3519 satis
771 3457 902 3532 amplus
931 3457 964 3518 in
995 3459 1196 3519 immensum
1227 3459 1402 3532 cresceret,

134 3559 281 3618 ericam
305 3573 390 3632 quae
413 3559 531 3620 dicitur
554 3559 729 3620 dialectum
755 3559 887 3620 nonnisi
910 3560 1120 3634 comparandi
1144 3573 1244 3620 causa
1266 3559 1318 3619 hic
1337 3558 1403 3618 illic

130 3661 199 3720 bui
237 3675 350 3734 neque
382 3661 502 3722 atticae
533 3661 600 3722 lere
629 3661 1306 3736 1111111111111111111111111111111
1332 3660 1403 3722 reli·

167 3762 372 3822 conferrem
408 3763 441 3821 et
472 3761 543 3822 elus
572 3763 711 3823 notitiae
741 3779 758 3824 e
793 3763 900 3824 titulis
931 3763 1136 3824 incrementa
1169 3761 1402 3837 significarem,

150 3865 233 3924 fere
276 3863 353 3923 aliis
388 3861 429 3922 da
471 3861 579 3922 causis
613 3864 709 3938 tetigi
746 3862 908 3924 vocabula
941 3863 1129 3938 formasque
1164 3863 1403 3936 hellenlsticns‚

131 3969 196 4026 ter
235 3979 301 4024 eas
332 3976 416 4037 quae
446 3961 606 4038 plurimae
629 3977 647 4024 e
670 3964 779 4024 lllulls
808 3965 1005 4040 papyrlsque
1034 3965 1065 4025 in
1092 3965 1152 4026 hoc
1174 3965 1302 4024 lexicon
1326 3964 1401 4022 1111-

130 4067 202 4126 das
230 4081 313 4126 esse
337 4063 430 4125 duxi.

130 4184 173 4227 on
205 4168 326 4241 magis
350 4166 444 4242 potui
468 4181 584 4228 omnes
607 4166 901 4242 grammaticorum
923 4167 1051 4242 glossas
1070 4149 1302 4242 reciperasse
1321 4167 1404 4227 satis

130 4273 153 4330 ri
192 4273 339 4346 praeter
367 4267 498 4343 glossas
520 4285 603 4344 quae
627 4269 749 4330 diserte
773 4269 869 4330 alicui
893 4269 1032 4330 dialecto
1055 4267 1095 4328 ab
1119 4269 1199 4343 ipsis
1220 4268 1404 4344 adscriptae

170 4369 395 4446 probabilem
433 4369 613 4430 multarum
651 4369 809 4444 originem
853 4371 998 4430 indicere
1034 4369 1180 4444 aliasque
1215 4370 1404 4444 adiungere,

130 4497 132 4526 l
173 4473 221 4533 ob
261 4471 367 4531 allam
404 4469 680 4545 qualemcumque
711 4485 844 4532 causam
876 4473 1023 4532 maxime
1054 4469 1404 4531 memorabilesvlde·

130 4592 181 4650 11,
222 4573 321 4634 haud
356 4587 432 4632 raro
465 4573 564 4632 eliam
590 4575 627 4633 ut
650 4577 877 4648 corruptarum
906 4574 1076 4634 meliorem
1103 4573 1174 4634 slve
1198 4589 1306 4634 meam
1335 4575 1406 4633 sive

130 4693 201 4738 lam
247 4675 435 4736 lectionem
473 4687 684 4748 apponerem,
721 4689 859 4748 quarum
899 4675 1159 4740 coniecturarum
1195 4691 1277 4750 quae
1311 4691 1406 4735 meae

149 4781 232 4840 iam
263 4777 349 4838 olim
375 4773 538 4850 plurimas
561 4777 594 4836 et
618 4775 649 4836 11
674 4775 873 4836 Academiae
897 4775 1018 4850 Regino
1041 4777 1294 4852 Disciplinarum
1323 4793 1405 4852 quae

130 4877 405 4946 amstelodami
437 4877 589 4952 operibus
620 4881 654 4938 11
679 4879 711 4937 11
735 4877 950 4954 Mnemosyne
979 4879 1107 4940 Batava
1130 4879 1292 4954 proposui.
1318 4879 1404 4954 Quas

131 5005 175 5050 as
205 4980 326 5048 omisi
350 4975 506 5053 suppleat
528 4976 725 5040 Thesaurus.
