3588 5600
870 893 932 1012 B.
952 946 1062 1034 Βῆτοι.

308 1217 332 1274 Β
359 1215 393 1275 in
434 1214 543 1275 lecum
581 1211 711 1272 litterae
745 1210 768 1268 e
802 1210 949 1271 succedit
981 1211 1067 1286 apud
1101 1211 1261 1288 Lacones,
1297 1209 1485 1288 Cretenses,
1521 1213 1633 1290 Eleos,

352 1316 530 1389 Sicilietas,
566 1311 775 1388 Tarentinos,
812 1313 1001 1374 Aeelenses.
1034 1346 1074 1357 -
1105 1329 1163 1390 pro
1198 1315 1225 1371 Y
1250 1314 1383 1390 ponitur
1413 1314 1446 1374 in
1470 1314 1633 1390 Aegypto.

353 1415 578 1498 01.ραυάο’ς.
604 1449 645 1459 -
669 1417 746 1476 ante
769 1415 797 1472 A
818 1416 969 1475 mutatur
991 1414 1025 1474 111
1052 1415 1085 1476 Y.
1109 1414 1182 1478 Viti.
1207 1411 1385 1492 εὔδομος.

311 1524 415 1597 Bpro
446 1521 484 1578 Π.
515 1516 587 1578 Vid.
618 1515 802 1595 βατάνια,
824 1515 974 1594 βατεῖν,
996 1515 1149 1594 βικοός,
1171 1516 1446 1594 βοντοινεύειν,
1470 1515 1637 1590 Βύσιος,

354 1616 864 1702 βοτίνη,ι1βοτάκτης,8118.

311 1727 336 1784 B
362 1739 419 1801 pro
449 1725 478 1784 Φ
500 1722 585 1798 apud
609 1719 810 1781 Macedones
835 1717 882 1780 ef.
906 1716 984 1796 βίξ,
1007 1717 1216 1794 Βίλιππος,
1241 1716 1448 1797 Βερενίκη,
1472 1719 1635 1798 Βρύγες.

312 1829 336 1886 Β
359 1841 416 1904 pro
440 1827 468 1883 Γ
486 1822 633 1886 boeotice
656 1821 689 1882 in
714 1820 833 1900 μανά,
855 1815 1015 1897 eiecta.

313 1931 335 1987 Β
359 1932 392 1990 ei
415 1929 449 1986 H
469 1942 527 2002 pro
551 1930 578 1983 A
601 1927 635 1986 et
660 1923 853 1984 Tboeotice
877 1922 909 1982 iri
935 1920 1098 1998 seiam,
1120 1922 1322 1999 βείλομαι,
1345 1920 1530 1998 πέτταρες
1558 1926 1635 1997 etc„

355 2033 479 2104 ντεῖλε,
503 2024 709 2104 flectente
733 2025 783 2100 (ci.
809 2025 942 2085 Meister
966 2025 979 2084 I
1004 2041 1033 2099 p.
1059 2025 1144 2090 259).

312 2131 467 2192 11787181
508 2143 583 2190 cum
624 2129 665 2186 M
696 2127 728 2188 in
764 2125 974 2204 Βάρμιτον,
1007 2127 1224 2206 βάρναμαι,
1258 2127 1436 2205 βόλιμος,
1466 2125 1637 2205 βόρμιιξ,

356 2231 538 2310 βάσταγα

273 2371 276 2378 -
313 2333 469 2394 Bvariat
491 2345 566 2392 cum
592 2325 1499 2406 Δὶο14118,δείλομαι,6ή1ομαι,οάμβα1ον.

313 2433 521 2496 semiesum
545 2433 620 2506 post
644 2431 684 2488 M
703 2430 736 2490 in
759 2429 886 2504 τύμος.

312 2537 391 2596 Bin
426 2533 533 2596 titulis
567 2531 750 2592 insularum
784 2531 888 2591 maris
918 2532 1039 2607 Aegaei
1069 2534 1144 2608 post
1173 2532 1317 2592 hominis
1353 2547 1473 2594 nomen
1503 2535 1636 2609 patrem

355 2637 425 2697 eius
448 2635 687 2708 homonymum
710 2630 875 2706 significat
899 2647 928 2693 v
950 2648 976 2694 c
1001 2632 1074 2708 161,
1100 2633 1168 2707 19,
1194 2632 1218 2692 Ι.
1240 2633 1287 2692 iii
1308 2634 1384 2709 174,
1405 2635 1437 2696 6.
1458 2635 1535 2696 478.
1557 2635 1636 2696 479.

356 2737 431 2798 484.
454 2733 526 2794 Vid.
551 2731 621 2806 δίς.
1709 2724 1716 2736 ’

312 2841 366 2898 ΒΑ
388 2838 489 2913 stirps
512 2835 596 2911 apud
619 2833 721 2896 Deras
743 2837 777 2895 et
800 2835 972 2896 Aeoles=
987 2837 1042 2894 BH
1064 2835 1149 2910 apud
1172 2836 1277 2897 Iones.

311 2935 586 3022 §compendium
604 2934 837 2996 vocabulorum
857 2935 1021 3011 βασιλικός,
1040 2937 1164 3014 βορρᾶς,
1182 2937 1224 2998 al.
1245 2937 1279 2997 in
1298 2953 1391 3014 pepp.
1410 2940 1636 3014 Aegyptiacis.

311 3037 359 3123 βά
360 3036 476 3122 fluitet·
500 3035 559 3097 ὑπὸ
579 3030 703 3096 ’ίΗλεοον
725 3033 854 3116 τέττιγες
882 3035 938 3097 ὑπὸ
967 3040 1121 3097 Ποντικῶν
1141 3034 1173 3096 δε
1192 3037 1340 3116 βάτραχοι
1361 3039 1401 3100 Η.
1424 3038 1470 3100 Cf.
1484 3041 1635 3102 eiusdem

356 3141 485 3217 glossas
507 3137 605 3216 βαβάζ
603 3159 647 3197 ειν
671 3140 703 3199 ei
727 3137 889 3217 βαβακτής.

224 3261 228 3268 “
313 3236 482 3325 βά·βάλ69
506 3239 632 3300 αἰδοῖον.
656 3240 696 3301 Η.
724 3237 770 3300 (ii.
795 3237 1009 3318 βάμβιιλον.

312 3341 409 3426 βάα
334 3339 409 3425 66βά
410 3337 468 3418 ἔον
486 3341 675 3420 (71113οβαβ
615 3341 769 3420 eae-eiua)
788 3341 902 3420 κραύγο
885 3359 965 3400 οσ.ον
984 3341 1137 3412 Λακωνες.
1150 3341 1190 3403 Η.
1204 3339 1310 3420 (titia
1319 3342 1339 3420 β
1347 3340 1444 3414 αξαι
1458 3339 1636 3422 ὠρύσασθαι

358 3446 437 3514 (cod.
462 3439 668 3522 ὄρχησασθοιι).

311 3543 359 3627 βοι
360 3539 452 3627 βύκοι
474 3545 674 3606 laconice:
686 3541 802 3622 γέφυρα
827 3559 891 3605 sec.
911 3545 1125 3607 Aristotelem
1145 3561 1195 3620 ap.
1216 3545 1300 3606 Plut.
1323 3545 1397 3619 Lye.
1412 3546 1442 3604 6.
1457 3543 1566 3618 Pelop
1584 3545 1635 3604 17.

356 3647 464 3723 μεταξὺ
502 3647 637 3726 βοβοκοις
671 3643 720 3706 καὶ
756 3647 932 3717 Κνακιῶνος
967 3651 1123 3722 (αοεαμον)
1160 3647 1199 3707 ci.
1235 3647 1311 3707 Hes
1348 3662 1375 3707 s.
1405 3663 1434 3706 v.
1472 3646 1533 3706 Sed
1570 3646 1635 3706 vid.

358 3749 539 3824 ὅίφουρα.

313 3846 478 3934 flames·
502 3848 629 3928 χλιαρόν.
657 3847 806 3920 Λάκωνες.
830 3850 870 3911 Η.

312 3949 421 4035 βάτος
452 3956 505 4014 i=
517 3948 631 4030 feiyogi·
654 3949 769 4028 κλάσμα
793 3948 884 4029 άρτοο
909 3948 928 4029 ἢ
952 3949 1044 4028 μάζης
1068 3985 1109 3994 -
1135 3949 1287 4024 Λάκωνες.
1311 3952 1351 4013 Η.
1377 3951 1409 4012 id
1437 3950 1522 4024 quod
1546 3949 1636 4027 τόμος

356 4054 465 4115 Attice
488 4053 617 4114 dicitur.
641 4051 688 4115 Gi.
712 4053 834 4132 βᾶξον
858 4056 891 4114 et
914 4051 1233 4133 μουκηροβαγόρ.

313 4151 436 4235 βαόάς.
461 4154 532 4215 Vid.
556 4151 683 4232 βατάς.

310 4253 506 4338 Βαόρόμιος
538 4257 663 4317 mensis
693 4257 778 4332 apud
809 4257 953 4318 Rhodios
981 4257 1179 4332 sequebatur
1201 4261 1276 4333 post
1303 4254 1526 4337 Πιταγείινοον.
1551 4256 1637 4317 Ordo

357 4359 522 4418 mensium
555 4357 757 4419 Rhodiorum
791 4373 856 4418 sec.
892 4357 1124 4420 Bisschefflum
1156 4359 1189 4419 in
1219 4359 1308 4420 Neue
1337 4359 1448 4420 Jahrb.
1481 4373 1510 4419 a.
1539 4358 1635 4433 1897,

357 4477 386 4535 p.
409 4461 473 4522 730
495 4475 566 4536 sqq.
585 4461 639 4521 hic
658 4463 746 4522 erait:
772 4456 1208 4539 Adiungi=‘Eaateussuteiv)‚
1232 4462 1392 4539 Καρνεῖος,
1416 4459 1637 4539 Θεσμοφόριος,

358 4560 525 4638 Διόσθνος,
558 4561 746 4640 Θεοόαίσιος,
777 4562 1006 4642 Πεταγείτναος,
1038 4562 1219 4642 Βαδρόμιος,
1248 4561 1414 4640 Σμίνθιος,
1444 4562 1638 4640 Ἀρταμὶτιος,

359 4662 533 4741 Ἀγοιάνιος,
561 4658 747 4741 Ὓακίνθιος,
782 4661 929 4742 Πάναμος
958 4662 996 4740 α’,
1025 4661 1172 4742 Πάναμος
1203 4661 1239 4744 β.
1275 4664 1447 4726 Interdum
1480 4665 1637 4725 scribitur

358 4765 574 4842 Βοτρόμιος
605 4769 642 4827 ut
669 4765 711 4827 16
741 4767 793 4842 87,
828 4769 856 4830 l.
888 4767 918 4827 8.
954 4768 1011 4842 12;
1037 4766 1094 4844 38,
1120 4769 1172 4828 41.
1199 4767 1373 4828 Praeterea
1397 4765 1437 4826 de
1459 4763 1505 4825 00
1529 4765 1570 4826 cf.
1596 4763 1636 4826 10

358 4869 413 4942 29,
444 4869 481 4927 18
507 4867 558 4942 ai,
584 4867 622 4928 de
646 4867 806 4928 Galumna
830 4869 883 4928 61)
908 4871 991 4929 8691
1007 4885 1039 4944 a,
1062 4871 1113 4929 96.
1135 4869 1237 4944 8698,
1259 4869 1311 4929 88.
1335 4870 1391 4941 41,
1414 4867 1453 4926 de
1473 4865 1635 4942 Pergamo

358 4971 456 5030 inser.
481 4969 573 5043 Perg.
599 4985 629 5044 p.
657 4971 730 5045 107,
756 4969 797 5030 ai.
