3586 5598
951 395 1016 458 210

323 583 479 671 διάφυσις
510 586 685 660 fissura,
700 609 741 634 =
755 583 871 662 διαφυή
901 588 948 651 (ut
971 601 1023 660 ap.
1050 586 1201 663 Hippocr.
1227 589 1261 647 ot
1284 588 1432 657 Aristot.)
1456 589 1489 650 in
1512 590 1649 664 papyris

365 693 443 765 Aeg.
468 689 498 748 X
522 689 609 748 Leid.
637 689 690 763 14,
716 688 756 746 41
782 683 896 746 donoro
915 687 946 755 (l.
967 685 1091 764 ἔσωθεν,
1111 705 1174 749 non
1195 685 1324 748 ἔνδοθεν
1343 705 1418 750 oum
1438 689 1648 754 Leemansiol

364 787 397 850 di
419 789 597 866 dtuqdoleirg
621 787 728 866 ἔχουσα
752 791 787 848 et
814 790 868 864 lo,
896 791 924 850 1.

321 892 513 974 διαφωνεῖν,
547 891 686 966 perire
720 893 767 952 (ut
802 891 886 964 apud
917 891 1009 951 Diod.
1038 907 1064 952 s.
1091 891 1166 951 XVI
1189 893 1224 967 3,
1250 893 1269 952 8
1294 893 1328 952 et
1351 889 1648 964 Agatharchidem)

364 995 446 1054 MFP
484 997 537 1068 13,
574 995 604 1053 3.
640 992 660 1052 4
696 994 730 1052 et
764 993 784 1052 6
819 991 930 1063 (medii
964 1008 1049 1053 saec.
1082 1009 1111 1053 a.
1143 993 1176 1053 Ο.
1202 993 1266 1068 ΙΙΙ)
1291 993 1497 1064 erroneo,
1525 992 1567 1050 29
1592 1007 1646 1065 sq.

363 1099 457 1158 (saec.
488 1111 518 1170 p.
550 1093 583 1154 C.
612 1095 661 1158 Ii:
687 1089 770 1168 lidi,
792 1089 854 1152 ἐπεὶ
877 1091 1048 1153 κινδυνεύει
1071 1091 1107 1152 τὰ
1131 1093 1212 1168 φυτὰ
1237 1095 1435 1170 διαφωνῆσωι,
1460 1091 1556 1152 Notio
1580 1092 1648 1152 sor·

361 1200 452 1257 tasse
476 1199 555 1256 nata
577 1199 630 1255 est
653 1211 695 1254 ex
719 1193 880 1254 dissoluta
899 1195 1043 1268 corporis
1062 1196 1184 1256 mortui
1205 1194 1388 1255 harmonia.
1409 1193 1530 1252 Eodem
1543 1207 1651 1253 sensu

361 1299 413 1359 tit.
444 1299 580 1372 Amorgi
611 1312 697 1356 saec.
729 1296 777 1356 ΙΙΙ
804 1297 886 1370 part.
912 1295 968 1356 alt.
993 1311 1043 1370 ap.
1069 1289 1230 1358 Dittenb.²
1254 1298 1333 1370 255,
1359 1295 1418 1354 25ε
1440 1291 1648 1370 ὄπως-μηδὲ

363 1397 547 1474 διαφωνήσει
570 1405 654 1473 σῶμα
678 1392 773 1474 μηδὲν
795 1394 957 1456 πολιτικόν.

318 1497 536 1582 eruptionem.
560 1498 632 1559 Vid.
658 1497 840 1573 φώσκειν.

317 1600 461 1682 διαχεῖν,
496 1599 747 1660 dissolvere.
780 1597 826 1658 De
857 1599 1016 1658 cadavere
1041 1599 1117 1659 Her.
1143 1599 1190 1658 ΙΙΙ
1219 1603 1272 1675 16,
1299 1600 1333 1657 l:
1359 1593 1375 1656 i
1398 1592 1646 1674 νεκρὸς-οὐόἐν

362 1703 491 1778 διεχεῖτο.

317 1799 532 1884 διαχρᾶσθαι
556 1801 660 1861 ionice
674 1825 715 1848 =
729 1800 919 1878 διαχρῆσθαι.
944 1801 1140 1862 Herodotus.

317 1903 509 1985 διαχωρεῖν.
534 1903 746 1964 Philodemus
774 1903 814 1964 de
836 1904 919 1965 rhet.
944 1920 974 1980 p.
1002 1905 1081 1980 256,
1107 1905 1149 1965 32
1174 1903 1222 1964 ed.
1248 1903 1366 1962 Sudh.:
1392 1898 1490 1978 ὅμοιοι
1515 1935 1556 1944 -
1582 1906 1646 1972 τοῖς

360 2013 584 2080 καταφρονοῦσι
607 2013 680 2064 τῶν
705 1999 1011 2084 διαχωροὶῖντων
1034 2003 1301 2082 νομισμάτων,
1325 2005 1345 2063 1.
1370 2019 1397 2064 θ.
1416 2003 1483 2076 qui
1503 2002 1544 2062 in
1565 2019 1644 2063 usu

359 2109 467 2166 sunt.
493 2105 801 2168 01.1ωοῑωω.1ωω1.
833 2109 880 2168 lO.

316 2204 585 2292 διαψαμμώσας.
612 2209 713 2269 inser.
738 2209 856 2269 Lesbia
879 2209 952 2285 IGI,
977 2209 1009 2270 11
1036 2211 1090 2285 ll,
1116 2211 1157 2269 25
1181 2223 1229 2282 sq.
1245 2205 1413 2289 :qdppp
1437 2203 1597 2282 διαχώσας.

316 2303 520 2392 ὄιαψαφίξαι
544 2306 597 2366 τάν
619 2309 750 2386 γνώμαν.
774 2310 993 2385 Astypalaeae
1013 2310 1065 2371 til.
1085 2309 1159 2383 idi,
1183 2309 1322 2383 111349,
1337 2304 1390 2367 38.
1404 2305 1476 2366 Vid.
1496 2314 1642 2380 ψᾶφος.

316 2407 801 2494 διαψηφισμός-τὸιωψήφισις.
833 2412 933 2472 Arist.
966 2415 1027 2470 llo.
1058 2415 1122 2471 πολ.
1154 2411 1233 2470 XIII
1258 2411 1311 2470 24.
1335 2407 1382 2469 Of.
1407 2406 1643 2484 κατωψηφισμός

360 2512 439 2571 Poll.
465 2511 541 2570 VIII
569 2513 641 2571 149.
666 2512 737 2572 Vid.
762 2527 859 2585 supra
885 2511 1165 2590 διατειχισμός.

315 2607 482 2695 ὃιαψίλων
507 2610 607 2687 (ullor)
632 2614 679 2670 ΡΒ
705 2613 754 2690 10,
781 2613 810 2673 8.
834 2615 908 2674 277.
929 2614 960 2673 Ii
980 2616 1011 2674 8.
1032 2614 1085 2674 Sto
1103 2613 1216 2688 index,
1238 2613 1296 2673 sed
1315 2611 1421 2686 priore
1441 2610 1512 2670 loco
1533 2611 1640 2671 editur

359 2711 409 2770 διὰ
439 2720 565 2792 ψυγμοῦ
594 2709 644 2770 καὶ
678 2710 728 2770 διὰ
759 2713 941 2788 innumeros),
969 2715 1149 2788 posteriore
1173 2711 1238 2773 διὰ
1260 2711 1477 2792 ψνγμάτων
1501 2707 1552 2769 καὶ
1575 2709 1637 2770 διὰ

359 2817 505 2887 ψειλῶν
528 2809 722 2892 προσέλαβον.
746 2814 895 2875 Wilcken
924 2815 959 2875 Ο.
985 2815 1021 2876 G.
1046 2815 1062 2875 Ι
1085 2831 1114 2890 p.
1139 2815 1204 2875 404
1229 2815 1324 2889 legit:
1350 2811 1637 2890 διωψωγμάτων

358 2912 408 2973 καὶ
432 2915 661 2988 διαψείλων,
685 2916 785 2976 simul
810 2917 974 2976 coniciens
998 2915 1339 2991 druoralopdrav,
1361 2915 1639 2988 exstirpatio·

359 3031 463 3076 num.
488 3017 549 3090 Agl
574 3016 702 3076 videtur
725 3017 764 3076 do
788 3018 876 3091 agris
900 3017 1100 3091 palustribus
1123 3017 1286 3076 siccandis
1310 3018 1343 3076 et
1365 3016 1495 3089 (vepris)
1520 3015 1641 3075 obsidia

358 3115 549 3192 purgandis,
580 3132 637 3192 pro
668 3117 784 3190 quibus
807 3119 959 3192 operibus
984 3117 1124 3192 vectigal
1147 3117 1352 3192 pendendum
1377 3116 1477 3176 luerit
1500 3119 1642 3178 aerario.

314 3215 424 3299 ὃίβαν·
459 3215 539 3294 ὄφιν.
571 3219 692 3295 Κρῆτες.
725 3219 779 3294 Η.,
811 3217 866 3279 ubi
896 3219 1019 3280 Kuster
1052 3219 1199 3294 ,Alludit
1228 3219 1268 3278 ad
1300 3217 1441 3292 hiran,
1475 3219 1643 3290 quomodo

358 3320 469 3380 Chald.
490 3319 552 3380 vel.
573 3321 644 3393 Syr.
664 3324 834 3393 serpentes
853 3321 1039 3380 dicuntur.”
1053 3321 1115 3380 Sed
1128 3319 1278 3380 inlraest
1297 3317 1421 3394 δίφαν
1440 3318 1644 3385 (Salmasius

359 3437 414 3494 pro
445 3421 572 3496 δίφαιον
604 3437 621 3480 e
644 3421 707 3480 litt.
732 3421 838 3488 seriel·
863 3417 943 3494 ὄφιν.
968 3423 1096 3499 Κρῆτες,
1120 3423 1153 3480 et
1176 3419 1294 3495 δίφας
1318 3435 1422 3495 genus
1445 3423 1644 3494 serpentum

358 3525 406 3582 est
427 3537 478 3595 op.
498 3523 741 3582 Artemidorum
765 3522 823 3582 On.
845 3523 860 3581 I
880 3537 910 3596 p.
934 3525 1006 3596 164,
1022 3523 1103 3582 ded.
1117 3522 1211 3581 Reiff.
1224 3522 1309 3580 Num
1323 3521 1408 3580 idom
1422 3520 1507 3594 quod
1521 3519 1644 3594 διψάςὶ)

315 3617 475 3702 dedolata,
496 3626 637 3682 rastro
657 3622 823 3682 findere
842 3626 996 3685 lterraml.
1016 3623 1101 3683 FGH
1124 3624 1201 3698 112,
1224 3613 1478 3698 2ει1αυήσις1ε
1491 3621 1643 3698 ποιήσεις)

359 3725 462 3794 διῶξαι
496 3723 566 3794 τοὺς
594 3723 849 3803 σκαφήτρονς
883 3733 942 3784 τῶν
973 3721 1124 3784 ἒλινιώνων
1154 3721 1205 3782 καὶ
1238 3723 1307 3794 τοὺς
1338 3721 1556 3800 ὗαοσχεισμωὺς
1586 3723 1643 3783 καὶ

360 3823 621 3903 ὁιβολήτρους
664 3833 723 3884 τῶν
764 3822 925 3896 ἐλωιώνων,
963 3824 1013 3884 καὶ
1053 3823 1088 3884 τὰ
1127 3822 1330 3901 ἀναααύματα
1368 3822 1548 3902 ὑπόσχεισον
1585 3825 1643 3886 καὶ

360 3925 583 4004 διβόλησον.
609 3926 692 3986 Hinc
715 3922 930 4009 ὀιβόλητρος,
962 3928 1142 3987 formatum
1166 3929 1204 3987 ut
1227 3941 1247 3986 a
1269 3917 1471 4002 emortui:
1485 3924 1643 3996 σκάπτειν)

360 4025 772 4104 σκάφητρος-τσκάψις.

316 4125 645 4210 ὄὶβολοςι-δίξυλως.
670 4129 716 4190 Gi.
741 4128 963 4208 μονόβολος
987 4131 1021 4188 et
1043 4144 1070 4188 S.
1096 4144 1126 4189 v.
1151 4126 1300 4206 ῥυμεῖα.

317 4231 503 4311 lllgamma
536 4232 620 4305 apud
658 4231 856 4301 Hesyohlum
892 4228 1094 4305 significatur
1127 4230 1249 4290 litteris
1281 4231 1319 4304 Β,
1350 4231 1383 4304 Γ,
1414 4231 1447 4304 Τ,
1472 4230 1506 4302 Y,
1532 4230 1568 4286 dl.
1594 4263 1640 4274 -

359 4333 458 4407 Apud
483 4333 660 4392 Pindarum
689 4332 857 4392 rarissime
880 4333 959 4392 lacit
981 4332 1189 4406 positionem.
1214 4331 1260 4392 Gi.
1284 4329 1513 4402 O.Sclrroeder,
1537 4329 1641 4392 Proll.

361 4435 450 4492 Pind.
472 4435 500 4492 ll
518 4449 547 4508 p.
564 4435 617 4507 14,
631 4435 667 4505 5;
681 4434 765 4507 apud
780 4433 1009 4508 Bacchylidem
1025 4449 1197 4507 nusquam.
1215 4433 1303 4492 -In
1318 4433 1369 4492 tit.
1383 4431 1538 4506 Delphico
1549 4447 1638 4494 saec.

360 4549 389 4596 a.
413 4534 446 4594 0.
472 4535 507 4608 V,
529 4535 582 4594 GD
603 4537 687 4594 2561
709 4550 871 4607 nusquam
891 4537 1026 4610 apparet
1046 4535 1077 4594 iu
1098 4535 1205 4594 medio
1228 4533 1396 4608 vocabulo,
1416 4547 1521 4605 neque
1541 4533 1641 4594 initio

361 4641 436 4696 ante
460 4641 705 4697 consonantem.
732 4669 771 4678 -
797 4635 955 4711 Exempla
978 4635 1094 4695 Dorica
1118 4635 1249 4710 collegit
1271 4635 1409 4707 Bolsacq
1428 4649 1459 4708 p.
1481 4635 1543 4692 105
1564 4649 1639 4708 sqq.

360 4737 434 4800 lvid.
466 4737 565 4796 etiam
592 4733 823 4814 ’οράιριος),
856 4737 989 4797 Aeolica
1020 4737 1083 4797 vid.
1112 4737 1230 4798 Hoffm.
1256 4737 1287 4796 ii
1310 4737 1344 4796 in
1370 4735 1478 4795 Indico
1502 4749 1532 4808 p.
1557 4735 1638 4796 604.

362 4837 454 4912 Apud
485 4837 580 4897 Iones
610 4839 676 4897 iarn
707 4852 792 4898 saec.
817 4853 845 4897 a.
871 4836 904 4897 O.
929 4837 1005 4896 Vlll
1028 4837 1122 4896 initio
1147 4837 1377 4898 vocabulorum
1402 4837 1479 4894 ante
1504 4833 1641 4896 vocales

362 4939 506 5000 evanuit.
533 4938 651 4998 Hoffm.
677 4939 723 4997 ΙΙΙ
748 4939 812 4998 240
836 4955 905 5012 sqq.
