3556 5596
963 447 1027 506 916

377 629 416 688 Α.
448 628 482 688 Ρ.
515 627 561 688 IX
592 627 667 701 828,
704 624 1007 700 συρεψιάζουσσ
1042 627 1081 688 Δ.
1106 627 1140 686 Ρ.
1165 626 1193 684 V
1225 627 1300 702 288,
1336 641 1438 702 supra
1471 624 1592 702 ἕψειν
1624 631 1654 687 et

377 727 585 806 προσεψιοί.
610 726 685 787 Mox
708 726 785 786 Hes.
818 725 1034 803 ψειήματα·
1058 727 1197 806 παίγνια,
1220 743 1320 802 supra
1347 725 1653 804 διφεψιασάμην·

377 827 564 906 ἀφωμίίηκα.
588 831 749 904 Σοφοκλῆς
770 826 999 905 Ἀντηνορίδαις.
1018 863 1057 872 -
1079 829 1141 890 Pro
1164 828 1270 900 λίζει·
1290 830 1441 900 ποίζει-
1461 830 1654 902 λίζονοιν·

377 930 535 1002 παίζουσιν
569 929 785 990 Ruhnkenius
815 929 982 1004 Hesychia
1013 930 1146 1006 ψιάζει
1177 933 1211 992 et
1241 931 1459 1006 ψιάζουσιν
1489 931 1655 993 reddebat.

378 1034 496 1094 Omnia
525 1033 606 1093 haec
638 1031 797 1092 vocabula
826 1034 874 1107 (ut
897 1030 1015 1105 δυσ-1ου)
1040 1047 1058 1092 a
1081 1032 1190 1093 radice
1213 1031 1268 1091 σἐῖυ
1291 1034 1382 1094 verbi
1406 1031 1489 1092 ἕσειυ
1514 1034 1656 1094 formata

379 1135 542 1194 videntur.
569 1167 608 1177 -
634 1131 854 1206 ουά--σοσιά

334 1233 457 1319 else-oc
479 1238 512 1296 et
536 1231 652 1317 μιερος
676 1251 733 1310 pro
756 1233 872 1308 ψίαθος
892 1237 925 1294 et
944 1233 1049 1312 μιαρός
1068 1237 1238 1310 aequiores
1257 1236 1417 1298 dicebant.
1437 1237 1517 1298 Lob.
1535 1237 1655 1310 Phryn.

380 1339 455 1398 308.
479 1337 564 1396 Num
588 1337 714 1395 ionicae
737 1335 896 1410 originis?
920 1334 991 1396 Vld.
1017 1335 1139 1397 Hoffm.
1164 1338 1212 1397 ΙΠ
1236 1339 1312 1399 253.

332 1435 418 1521 dista
442 1437 579 1497 verbum
602 1436 1031 1511 dialecticum:petolan¹
1054 1437 1127 1498 Huc
1150 1440 1317 1513 pertinent
1341 1439 1502 1514 Hesychii
1526 1439 1657 1515 glossae

378 1537 542 1615 ἕψίοθη·
567 1534 735 1614 ἀπέθανεν,
757 1536 915 1610 ψίεσσα·
940 1535 1106 1616 εὐδαίμων,
1137 1539 1282 1616 μακαρία,
1312 1539 1467 1616 ψίεντα·
1499 1539 1535 1599 τδι
1569 1539 1658 1612 αὐτοὶ,

377 1641 487 1718 ψίης·
519 1639 678 1718 μακάριος,
709 1638 860 1716 εὐδαίμων
891 1640 1052 1715 (01018110
1077 1641 1254 1718 defunctis,
1280 1646 1318 1703 ut
1341 1643 1503 1718 arbitror),
1530 1639 1658 1716 ψιδήν

377 1741 488 1814 (ψιθύν
507 1745 595 1802 recte
613 1739 799 1812 Schrewel)'
817 1737 872 1815 τὴν
884 1737 1045 1816 ἀπώλειαν,
1068 1741 1190 1816 ψίσις·
1215 1740 1346 1802 ἀπώλεια
1363 1747 1396 1804 et
1408 1743 1503 1804 Phot.
1527 1747 1658 1814 ψῑσαι

377 1844 525 1920 ψυμίσαι,
549 1844 627 1904 Ηοε.
652 1837 789 1924 extorsi·
822 1837 1009 1916 ίσιιψυμίσει.
1034 1843 1067 1902 81
1089 1830 1115 1901 e
1138 1859 1231 1905 mors
1253 1844 1399 1905 laconico
1423 1845 1660 1920 pronuntiatur

378 1947 408 2018 ὀ,
431 1961 473 2006 ax
497 1933 545 2020 φῗθ
568 1944 715 2006 nascitur
738 1941 777 2018 ᾧ,
800 1943 911 2016 itaque
934 1941 1040 2017 φθίειν
1059 1959 1214 2006 sermone
1232 1946 1377 2007 laconico
1397 1946 1484 2006 ultro
1504 1943 1543 2005 fit
1566 1944 1660 2020 ψίειν,

377 2061 477 2122 quare
508 2047 583 2108 huic
613 2044 752 2106 dialecto
778 2044 914 2104 verbum
937 2043 1081 2106 tribuere
1103 2061 1168 2106 non
1193 2045 1321 2122 dubito,
1346 2045 1559 2108 scribendum
1586 2060 1662 2106 vero

377 2148 486 2224 υιής,
509 2145 671 2224 ψιέσσα,
694 2143 851 2222 orlata,
874 2161 957 2219 quae
981 2151 1061 2208 sunt
1080 2147 1487 2224 ρω11ο1ρὶοεφθίμενσς.
1506 2145 1661 2224 φθιμένῃ,

378 2250 540 2324 φθίμενον.

335 2347 421 2434 ψίλα
446 2351 608 2411 dorios:
622 2349 717 2408 σσίιυ.
741 2349 923 2408 Pausanias
946 2349 993 2409 111
1019 2351 1104 2426 lat
1127 2349 1247 2411 Bacchi
1270 2350 1421 2425 Amyclis
1440 2349 1521 2410 culti
1541 2365 1658 2425 eogno-

379 2467 455 2512 lnell
479 2445 586 2534 ψίλαξ
609 2463 891 2511 commemorans:
920 2449 1015 2524 ψίλα
1046 2449 1103 2528 γὰρ
1124 2454 1268 2510 καλοῦσιν
1292 2451 1324 2510 οἱ
1343 2455 1470 2528 Δωριεῖς
1493 2449 1529 2508 τὰ
1553 2449 1660 2526 πτερά,

381 2549 565 2630 ἀνθρώπους
597 2545 630 2610 δὲ
657 2543 738 2621 οίνος
762 2546 875 2626 ἐπαίρει
905 2571 935 2608 τε
958 2547 1008 2609 καί
1031 2548 1228 2628 ἀνακουφίζει
1250 2551 1374 2630 γνώμην
1396 2549 1489 2611 οὐδέν
1513 2573 1539 2609 τι
1565 2541 1660 2627 ἧσσον

378 2651 397 2732 ἢ
422 2651 550 2730 ὄρνιθας
573 2651 673 2728 πτερά.

333 2750 567 2840 ψιλίνοποιδς.
586 2755 687 2814 Ineor.
709 2753 845 2827 Spartae
868 2754 940 2814 L.F.
964 2755 1025 2815 162
1046 2769 1066 2814 a
1089 2754 1218 2824 (Kuml.
1244 2755 1318 2816 Soil.
1344 2750 1497 2814 δσίίιυν
1516 2753 1659 2826 ψιλίνους

377 2855 560 2932 στεφάνους,
579 2869 756 2916 coronas
779 2855 1001 2928 palmares.
1023 2855 1095 2916 Vid.
1117 2855 1282 2917 Sosibium
1299 2872 1349 2932 ap.
1370 2856 1492 2916 Athen.
1506 2855 1570 2915 XV
1584 2855 1657 2917 678.

333 2953 445 3042 ψίλιον
459 2954 619 3031 :oetion
642 2971 668 3015 s.
692 2952 823 3030 ψέλλιον.
847 2955 918 3016 Deli
938 2956 990 3019 tlt.
1015 2971 1043 3016 a.
1066 2957 1130 3016 218
1151 2972 1179 3017 a.
1204 2955 1252 3031 0.,
1277 2957 1394 3018 Michel
1414 2957 1549 3032 803,1a
1572 2955 1656 3030 oiim

377 3057 491 3136 ἀργυρᾶ
516 3057 572 3117 δύο
595 3053 646 3115 καί
669 3053 785 3132 ἀμφιδῆ
809 3052 1053 3133 ἀποκεκίαομίνη
1077 3059 1112 3116 et
1133 3059 1266 3132 saepius
1288 3057 1419 3118 ibidem.

334 3155 573 3243 ψίλοδάπίδας·
607 3155 658 3227 τὰς
692 3153 782 3228 ψιλὰς
813 3154 864 3214 καί
894 3154 934 3233 μὴ
966 3155 1118 3232 μοίλωτδις
1154 3157 1283 3229 δάπιδας
1313 3155 1438 3236 λέγουσι.
1470 3157 1613 3218 Photius
1641 3171 1657 3214 e

379 3261 544 3320 Pausania
566 3258 650 3333 apud
674 3257 885 3317 Eustathium
910 3274 939 3332 p.
968 3259 1062 3334 1645,
1088 3259 1140 3335 24,
1162 3259 1203 3318 al.

334 3357 443 3445 ψιλός.
468 3361 559 3420 Adde
583 3358 742 3420 Heracliti
765 3359 803 3418 fr.
829 3361 870 3420 74
896 3358 1003 3420 Diels:
1028 3359 1101 3419 κατὰ
1125 3357 1393 3432 φιλίαι-ἁπλῶς.

335 3458 514 3546 ψιλόσοπος
545 3458 807 3534 subst=arilg
830 3459 934 3532 τόσος,
964 3461 1083 3522 Ιοουε
1105 3461 1241 3522 nudus
1267 3465 1300 3523 et
1322 3461 1531 3536 incultus,
1557 3475 1655 3535 saepe

379 3565 501 3638 legitur
524 3564 557 3622 in
581 3562 714 3638 papyris
737 3576 808 3636 aeg.
833 3561 879 3622 ol.
905 3563 1032 3636 Peyron
1057 3563 1098 3623 ad
1122 3566 1173 3622 PT
1193 3563 1257 3623 vol.
1281 3563 1296 3622 1
1319 3579 1348 3637 p.
1376 3565 1449 3623 113.

335 3660 721 3748 ψιμίδιονεψιμάθιυν.
745 3662 915 3723 Andaniae
939 3663 990 3723 tit.
1016 3678 1045 3723 a.
1071 3665 1112 3723 91
1138 3679 1167 3724 a.
1191 3662 1236 3739 0.,
1260 3657 1421 3724 Dittenb.²
1444 3665 1521 3738 008,
1549 3665 1602 3724 28.

335 3763 523 3850 ψιττάκεία·
548 3757 625 3835 είδος
648 3762 841 3838 ὑποδήματος
860 3765 1043 3843 γυναικείου.
1067 3766 1107 3826 H.
1115 3811 1122 3840 ,
1148 3765 1256 3842 Ρ1101.,
1279 3767 1353 3824 ΕΜ.
1373 3763 1420 3826 cl.
1434 3764 1515 3824 Poll.
1530 3765 1654 3824 Vliet.

380 3868 473 3943 Apud
508 3865 697 3926 Herondam
721 3864 782 3924 VII
806 3867 847 3926 58
882 3865 1075 3941 ψισυάκεο
1104 3866 1186 3926 bene
1215 3869 1398 3927 correctum
1427 3869 1480 3926 est
1508 3880 1569 3940 pro
1592 3879 1653 3936 ρισ-

379 3969 500 4043 οάκσιο,
521 3967 606 4042 quod
630 3980 801 4042 perperam
825 3970 936 4027 tuetur
959 3967 1092 4028 Meister
1114 3983 1144 4044 p.
1169 3967 1245 4028 739.
1273 3966 1380 4028 Galesi
1403 3967 1452 4026 ita
1475 3965 1556 4028 dicti
1580 3967 1655 4025 sunl

380 4085 399 4130 a
422 4069 518 4129 viridi
541 4067 657 4128 colore.

336 4168 616 4255 ψοδοςερίσυς.
646 4167 884 4243 Aristophanes
915 4170 1021 4232 (Mein.
1046 4169 1235 4232 1.0.0.ΙΙ
1262 4170 1356 4230 1224)
1386 4168 1472 4243 apud
1500 4168 1651 4230 Photiurn

380 4269 458 4331 σιίω
476 4270 589 4349 γράσον
608 4290 637 4328 σε
660 4265 710 4328 καί
730 4267 834 4344 φόθου
853 4285 871 4329 e
888 4269 1027 4330 Dobraei
1047 4271 1247 4330 correctione
1266 4285 1323 4344 pro
1342 4289 1372 4328 σι.
1385 4289 1429 4348 γρ.
1448 4267 1498 4327 καί
1519 4269 1652 4346 poeotes

379 4371 428 4432 καί
451 4372 549 4452 ράσου
572 4369 622 4430 κοί
646 4370 761 4445 ψόθυυ.
782 4370 828 4432 01.
848 4365 977 4432 Nauck²
996 4372 1029 4432 11.
1044 4371 1078 4430 Τ.
1093 4371 1129 4432 0.
1154 4387 1184 4446 p.
1207 4372 1247 4431 27
1269 4372 1303 4431 et
1322 4371 1361 4432 de
1380 4371 1534 4446 cognatis
1553 4371 1651 4434 omni·

380 4476 441 4534 bus
463 4474 561 4534 Thes.
585 4488 612 4534 s.
637 4487 669 4532 v.
693 4471 890 4547 ψοοάίίυ.

336 4570 471 4658 ψοόδία·
494 4574 603 4650 ψευδῆ.
623 4571 768 4644 Λάκωνες
792 4569 824 4632 δὲ
851 4571 902 4632 τὸν
923 4571 1069 4652 στόμαχον
1082 4575 1126 4640 (ll.
1152 4607 1192 4617 -
1213 4572 1374 4648 ψυυδία·
1397 4579 1506 4652 ψευδῆ.
1532 4577 1651 4652 Κρῆτες.
1754 4579 1755 4603 ¹

381 4677 421 4736 H.
457 4677 527 4736 Hoc
564 4676 648 4735 satie
686 4677 816 4735 constat
850 4678 909 4734 aut
942 4673 1104 4749 υοάδιο·
1140 4673 1240 4751 ψεύδη
1275 4677 1334 4736 aut
1367 4675 1519 4751 ψουοίο
1554 4675 1650 4752 ψευδο,

380 4777 587 4838 scribendum
618 4791 705 4852 esse,
736 4776 794 4836 sed
818 4775 918 4836 verba
946 4773 1089 4845 Λάκωνες
1117 4771 1149 4834 δὲ
1172 4773 1223 4834 τὸν
1246 4773 1393 4854 σσόμσχου
1416 4791 1482 4837 non
1504 4777 1651 4854 expedio.

380 4879 515 4938 Retrahi
544 4893 583 4938 ea
605 4892 680 4937 oum
704 4875 886 4936 Schmidtio
910 4877 950 4936 ad
974 4875 1017 4950 gl.
1041 4872 1189 4960 ψάμμος·
1213 4872 1402 4952 ἀκαθαρσία,
1424 4877 1540 4950 καπνός
1565 4881 1652 4939 vetat
1753 4947 1754 4969 ρ

379 4979 568 5053 explicatio,
594 4981 628 5037 at
651 4977 794 5037 multum
820 4991 934 5037 vereor
961 4991 1002 5037 ne
1030 4978 1110 5038 liaeo
1132 4977 1204 5051 ipsa
1226 4981 1379 5052 corrupta
1403 4979 1449 5038 sit
1471 4995 1514 5040 ex
1538 4975 1651 5064 φίλος.
