3552 5598
763 445 827 504 853

179 623 233 684 GD
258 623 343 685 2501
369 627 500 701 saepius
524 628 610 687 etin
631 627 790 687 titsaec.
814 625 844 684 V
865 641 894 686 a.
919 625 952 686 Ο.
975 625 1059 686 2561
1074 617 1292 684 =Diltenb.²
1314 625 1389 701 438,
1417 627 1455 685 11

179 723 340 803 ὑπίσχομαι
362 725 414 788 παὶ
436 735 490 788 τοῦ
515 726 587 798 Διὸς
610 735 663 787 τοῦ
688 727 844 810 Πατρῴον.

135 821 359 910 ὑπνοδεής11),
384 843 529 890 somno
550 829 734 904 indigue.
759 827 832 890 Vid.
856 823 1049 904 ὑπνώδης.

135 923 249 1001 ὕπνος.
284 928 427 990 Herond.
452 929 496 990 VI
527 931 569 990 88
606 926 625 1006 ἠ
656 928 878 1006 μαλακότης
913 925 1023 1004 δπνος,
1053 931 1189 989 somni
1220 929 1370 1004 instar,
1403 927 1457 988 ubi

179 1028 311 1090 Meister
342 1031 482 1092 coniecst
513 1031 688 1108 μαλακός
719 1053 777 1102 τις
801 1031 853 1090 vel
878 1031 976 1090 metri
1001 1044 1102 1090 causa
1124 1030 1268 1106 μολκός
1291 1051 1361 1105 ιις,
1384 1029 1456 1090 coll.

180 1131 313 1191 Theocr.
350 1131 410 1190 XV
443 1133 516 1193 125.
549 1132 636 1194 Α.Ρ.
666 1132 693 1190 V
721 1133 793 1207 165,
819 1134 849 1191 4.
878 1131 950 1206 197,
976 1131 1006 1191 2.
1031 1163 1073 1172 -
1098 1129 1190 1191 Idem
1221 1129 1281 1190 VH
1310 1131 1328 1191 7
1360 1129 1458 1208 μέχρις

179 1231 244 1290 τὸν
267 1231 287 1290 6
295 1253 396 1292 πνον
419 1231 532 1317 ίκχίρ
555 1232 662 1292 πάνια.
688 1267 727 1278 -
752 1228 897 1305 Ὕπνος,
920 1231 1002 1292 deus
1025 1231 1197 1307 salutaris,
1223 1233 1257 1292 in
1280 1232 1332 1292 tit.
1357 1231 1457 1292 altino

179 1335 307 1408 reperto
339 1335 372 1394 ln
405 1335 593 1411 Asclepieo:
626 1333 802 1412 Ἀσιιληπίοοι
824 1330 874 1392 καί
892 1327 1012 1412 ‘ipram
1035 1330 1085 1392 αα1
1108 1341 1159 1392 τῶι
1172 1329 1288 1393 Ὕπνον
1310 1365 1353 1376 -
1377 1353 1456 1412 χαρι-

179 1435 299 1512 σιήριον
323 1451 373 1511 ap.
399 1429 559 1496 DIttenb.²
583 1437 658 1512 116,
684 1437 777 1497 cuius
801 1435 875 1495 vide
899 1435 1023 1495 notam.
1053 1433 1139 1494 Hinc
1161 1435 1325 1511 Mercurii,
1350 1435 1458 1496 somni

179 1537 363 1613 donatoris,
401 1551 520 1598 nomen
555 1537 721 1598 interdum
758 1537 844 1597 inter
875 1536 955 1596 deos
985 1535 1131 1596 medicos
1161 1550 1318 1610 apparere
1346 1539 1460 1596 monet

179 1637 265 1697 idem
290 1638 330 1698 ad
354 1639 406 1698 tit.
431 1639 507 1714 631,
532 1642 599 1699 not.
624 1639 654 1698 3.

135 1731 292 1821 ὑπνώδης
316 1755 376 1814 pro
400 1739 570 1798 καθεύδων.
595 1739 690 1800 Kaib.
715 1755 765 1814 ep.
791 1740 865 1814 774,
894 1740 909 1797 1
935 1731 1079 1814 ὑπνώδης
1105 1737 1208 1810 Φίλιος
1233 1771 1272 1782 -
1298 1738 1459 1816 Ναύλοχον

179 1831 257 1898 εἶδεν
291 1836 374 1918 ὄναρ.
406 1873 447 1883 --
480 1841 542 1901 Pro
576 1833 761 1899 ὑπνώδεα
796 1840 880 1914 apud
915 1839 990 1900 Eur.
1026 1839 1122 1900 Herc.
1163 1840 1248 1900 1050
1282 1833 1457 1898 ύπνοδεᾶ

178 1955 323 2001 somno
348 1943 541 2016 egentem
565 1941 685 2014 requiri
710 1941 825 2000 monui
849 1939 1008 2000 Mnemos.
1033 1939 1158 2000 XXVII
1181 1957 1211 2015 p.
1237 1941 1312 2002 243.

83 2117 86 2124 Ι
135 2034 247 2104 ὑπνῶν
269 2043 414 2106 laconice
427 2067 469 2092 =
482 2041 653 2103 καθεύδειν.
675 2044 730 2103 Ar.
751 2043 828 2116 Lys.
852 2044 924 2102 145.
946 2041 992 2102 Cf.
1014 2042 1299 2104 undecuma
1318 2035 1458 2106 (ὑπνοον)

179 2144 253 2204 Eur.
290 2143 377 2219 cycl.
409 2147 484 2206 453.
517 2145 704 2206 Herodotus
736 2145 750 2202 I
778 2147 827 2205 11.
861 2144 974 2206 11169
1004 2145 1110 2205 ut'tur
1140 2137 1458 2205 mediolanensem.

180 2243 489 2306 61κοιοπνοον.

136 2339 211 2406 ὀπί.
247 2346 319 2407 Non
352 2348 474 2422 legitur
509 2347 542 2407 in
576 2347 684 2409 titulis
717 2346 865 2408 boeotice
896 2346 1029 2421 sorIptis
1063 2349 1098 2407 et
1128 2341 1225 2407 ούπό
1256 2348 1388 2407 tantum
1424 2345 1457 2406 in

180 2440 360 2524 οὑπύρχωση
384 2447 439 2508 GD
463 2448 539 2522 488,
568 2449 631 2509 149
656 2451 689 2510 et
712 2445 922 2520 οὑ[π]ύλ[νπα]
937 2469 978 2494 =
992 2440 1144 2506 ὑπόλοιπα
1165 2448 1240 2524 787,
1265 2447 1315 2508 14.
1331 2479 1369 2490 ·-
1384 2446 1457 2508 Vld.

179 2546 271 2624 δπδ,
293 2547 435 2626 δππρδ.
460 2583 500 2592 -
526 2549 616 2611 Haec
639 2549 837 2626 praepositio
859 2563 952 2609 more
975 2549 1142 2610 homerico
1166 2563 1241 2609 cum
1265 2548 1376 2609 dativo
1401 2563 1459 2622 pro

179 2649 333 2724 genetivo
356 2651 503 2726 iungitur
526 2652 558 2711 in
583 2651 635 2712 tit.
660 2650 900 2711 samothraoico
927 2648 1033 2710 Mitth.
1065 2650 1160 2726 1892,
1182 2650 1247 2710 348
1265 2665 1295 2724 a,
1322 2650 1361 2709 16
1385 2649 1458 2726 βον-

179 2749 301 2825 λδμενος
325 2744 492 2812 ὑπακούειν
515 2751 612 2810 πύνια
632 2749 667 2810 τύ
687 2747 848 2828 ἀξιούμενα
869 2745 953 2830 [ὑπὸ]
974 2759 1009 2834 τῇ
1028 2750 1125 2828 πόλει,
1144 2751 1200 2810 ubi
1220 2751 1325 2811 editor
1341 2765 1370 2824 p.
1392 2750 1457 2810 350

179 2851 233 2912 cit.
258 2865 301 2912 ex
323 2851 447 2913 inedito
470 2853 602 2913 decreto
625 2852 773 2913 arcadico
798 2851 984 2926 Magnesiae
1004 2852 1044 2912 ad
1065 2851 1295 2911 Maeandrum:
1317 2845 1459 2926 (ἡπόλις)

177 2950 212 3010 τύ
241 2947 301 3011 ὑπὸ
333 2957 392 3024 τοῖς
416 2950 570 3032 σνγγένεσι
592 2950 643 3012 καλ
666 2952 763 3028 φίλοις
786 2949 837 3010 ιιαί
860 2950 977 3023 εύνὸοις
1000 2950 1164 3029 ἀξιούμενα
1187 2946 1342 3012 ὑπακούει.
1367 2951 1456 3012 Oete·

176 3067 250 3112 rum
275 3057 412 3128 utraque
438 3055 612 3130 inscriptio
635 3055 773 3114 exarata
795 3056 848 3114 est
869 3068 1023 3114 sermone
1047 3054 1224 3114 communi.

222 3155 266 3214 At
296 3155 412 3215 eodem
443 3169 543 3216 sensu
568 3154 662 3215 valde
685 3157 878 3229 suspectum
902 3155 985 3214 milri
1009 3157 1061 3214 est
1085 3149 1144 3214 ὑπό
1168 3170 1242 3216 cum
1268 3155 1457 3215 accusativo

178 3255 329 3316 iunctum
352 3256 385 3316 in
410 3256 507 3317 inscr.
534 3255 761 3316 Halicarnassi
783 3269 868 3315 saec.
893 3255 940 3313 III
964 3259 1048 3316 extr.
1072 3271 1122 3330 ap.
1147 3256 1262 3317 Michel
1286 3256 1350 3316 834
1371 3257 1455 3315 extr.

177 3362 237 3430 τοῖς
268 3353 301 3416 δὲ
331 3366 418 3418 τοῦτο
450 3357 708 3434 διαφυλάσσουσιν
739 3355 789 3416 καὶ
816 3365 956 3417 ποιοῦσιν
979 3355 1102 3435 ύμεινον
1126 3355 1239 3437 γένοιτο
1263 3351 1336 3416 ύπδ
1360 3355 1457 3416 θεὸν

177 3457 243 3518 καλ
273 3455 505 3538 ύνθροοπον,
535 3460 591 3520 ubi
620 3461 693 3535 ipsa
723 3457 888 3520 sententia
918 3451 992 3518 ὑπὸ
1020 3463 1123 3518 θεῶν
1146 3457 1209 3518 καὶ
1234 3455 1457 3535 ἀνθρώπων

176 3560 324 3636 flagitare
347 3561 487 3622 videtur.

221 3655 282 3720 ὑπό
313 3675 389 3721 cum
412 3676 485 3736 gen.
509 3677 567 3736 pro
591 3659 646 3721 ἐπί.
671 3660 844 3736 Olympiae
867 3661 918 3721 tit.
943 3675 1029 3722 saec.
1051 3677 1080 3724 a.
1104 3661 1138 3726 0.
1162 3662 1207 3721 IV
1230 3655 1391 3722 Dittenb.²
1413 3661 1455 3720 98

176 3756 237 3822 ὑπὸ
260 3759 469 3838 ἑλλανοδικον,
492 3763 512 3824 l.
538 3779 565 3824 e.
591 3777 726 3823 munere
750 3763 965 3839 fungentibus
988 3763 1210 3824 hellenodicis.

221 3862 316 3924 Locis
346 3862 401 3923 ubl
435 3859 494 3923 ὑπό
518 3879 545 3924 c.
570 3879 636 3924 acc.
661 3864 781 3938 legitur
803 3879 861 3939 pro
883 3865 1057 3926 usitatiore
1081 3864 1192 3925 dativo
1215 3865 1353 3925 addatur
1376 3863 1453 3925 Her.

178 3964 237 4024 VII
264 3965 337 4039 108,
365 3966 381 4024 1
407 3963 576 4041 (Θεσσαλίη)
601 3955 639 4042 ἦν
663 3959 723 4024 ὑπὸ
747 3962 869 4042 βασιλέα
893 3965 1094 4044 δασμοφόρος.

219 4064 393 4126 Insolitam
426 4066 624 4127 locutionem
655 4062 724 4137 ὄνος
756 4060 816 4126 ὑπὸ
847 4067 933 4127 οἴνου
964 4071 998 4128 et
1025 4062 1085 4127 ὑπὸ
1113 4067 1222 4144 δένδρα
1252 4063 1302 4126 καλ
1330 4066 1397 4144 βαΐς
1421 4066 1454 4125 in

175 4183 248 4242 pap.
273 4181 343 4241 aeg.
368 4167 481 4229 Herm.
502 4167 565 4228 XX
584 4185 614 4243 p.
635 4169 700 4229 459
721 4184 791 4242 sqq.
812 4169 863 4236 (cf.
883 4169 1024 4230 XXVIII
1044 4170 1097 4234 60)
1117 4169 1237 4228 Erman
1258 4169 1291 4228 in
1311 4167 1454 4228 Hermae

176 4269 240 4329 vol.
272 4267 415 4329 XXVIII
445 4286 475 4344 p.
508 4269 572 4329 419
596 4283 644 4343 sq.
677 4270 822 4346 explicat
852 4286 869 4330 e
900 4285 1053 4331 sermone
1086 4271 1277 4345 aegyptiaco
1309 4269 1455 4329 asinus

176 4370 275 4430 vino
305 4371 388 4432 (etc.)
420 4373 611 4430 onustus.
639 4371 708 4432 Vid.
740 4387 766 4431 s.
791 4387 822 4432 v.
854 4371 1054 4449 ιρίχορον.
1084 4372 1177 4434 Νονα
1207 4371 1360 4445 exempla
1387 4384 1455 4444 pro·

175 4471 307 4531 dierunt
336 4485 377 4530 ex
404 4471 538 4547 papyrIs
564 4471 663 4548 ΕΘΗ,
690 4472 776 4532 Ostr.
804 4475 854 4548 14,
881 4473 910 4533 2.
939 4475 987 4550 15,
1014 4475 1043 4534 9.
1072 4477 1121 4551 16,
1145 4475 1175 4534 2.
1201 4475 1230 4534 3.
1258 4474 1308 4547 11,
1335 4473 1354 4531 2
1385 4469 1454 4544 ὄνος

176 4568 237 4632 ὑπὸ
264 4572 377 4651 κριθὴν
400 4576 435 4634 et
456 4573 589 4634 similia.

129 4670 361 4756 ὑποαπμαίος,
386 4673 548 4750 Apollinis
571 4689 764 4749 cognomen.
789 4673 859 4736 oin
883 4675 931 4735 III
956 4677 996 4736 91
1022 4676 1151 4740 (Kuml.

130 4771 410 4840 procuratorve·
435 4773 564 4854 ἔτρεμον.
585 4776 625 4836 Η.
646 4777 708 4837 Pro
728 4771 972 4855 ὑπερικταίνοντο
993 4778 1072 4838 olim
1096 4779 1129 4838 ln
1151 4777 1215 4854 Qu.
1235 4795 1291 4854 ep.
1312 4779 1456 4840 Homero

176 4892 202 4952 ψ
226 4879 245 4938 3
274 4877 398 4938 reddidi
433 4870 684 4952 ὑποαιιεαίνοντο,
716 4878 788 4939 coll.
823 4873 962 4954 ὑποδεῖν,
992 4873 1145 4950 ὑπολύειν,
1175 4874 1359 4959 ὑποτρίμειν.
1383 4880 1454 4941 Vld.

178 4979 384 5054 v.Leouwen‚
410 4977 465 5052 qui
488 4981 577 5038 recte
601 4977 734 5038 dietslm
758 4981 861 5040 edidIt
883 4979 972 5052 πόδες
996 4975 1024 5039 δ’
1051 4974 1110 5040 ὑπὸ
1133 4977 1318 5058 ι’ρκιαίνονκο.
