3608 5596
829 413 892 474 695

200 589 459 678 κμοκελεόθοσς
476 593 647 672 λαμπάδας,
665 598 865 672 praevias
884 598 1002 660 iaces
1023 597 1220 674 (nuptiales).
1240 597 1334 660 Ksib.
1348 613 1398 674 ep.
1411 599 1520 672 418,7.

244 696 365 760 Oontra
397 697 514 758 lexicis
543 697 720 760 eximenda
751 699 921 762 Strnttldis
951 701 983 760 Il
1014 701 1079 762 775
1112 700 1207 761 Mein.
1238 700 1340 762 verbs
1370 700 1522 774 corrupto

243 795 517 878 κροκέλενθος
541 794 681 878 ἡμέρα,
709 815 793 876 quae
818 801 851 862 in
875 795 999 880 προῖκ’
1026 795 1153 862 ίλοῦθ’
1179 797 1370 880 ὁσημέραι
1393 801 1522 864 felicius

244 901 387 963 correxit
416 900 509 962 Kock
546 901 614 976 Ip.
646 902 725 978 721,
762 905 940 979 postquam
976 904 1047 980 ipse
1081 897 1364 982 npouoeeetouo'
1403 897 1521 980 ἡμέρα

243 1003 405 1080 proposui.

200 1099 470 1188 [κροκεράλσιον
500 1106 522 1168 1.
547 1105 568 1168 1.
597 1120 655 1182 pro
685 1105 930 1184 προσκεφάλαιον
961 1122 1004 1168 ex
1033 1122 1105 1183 pup.
1137 1122 1225 1183 mag.
1249 1122 1335 1168 saec.
1360 1107 1409 1167 111
1432 1107 1482 1166 Pl(
1506 1105 1522 1166 1

246 1204 489 1282 121,717οε1ς
512 1205 573 1268 ὑπὸ
596 1204 628 1267 τὸ
651 1206 876 1286 κροκεφάλαιον
898 1207 931 1268 τὸ
954 1209 1060 1287 νιεύχιν
1084 1211 1136 1274 (=
1149 1209 1284 1288 κτύχιον)
1306 1216 1401 1286 κοιμῶ
1420 1204 1498 1280 nhil.

198 1304 441 1392 προκιθώνιον·
470 1305 503 1368 τὸ
532 1306 685 1386 πρόρινον.
716 1309 768 1386 H„
794 1310 815 1372 i.
840 1327 867 1372 e.
892 1309 924 1370 τὸ
948 1309 1056 1388 μεταξὺ
1080 1319 1139 1370 τῶν
1163 1319 1281 1389 σαρκῶν
1304 1306 1355 1370 καί
1376 1317 1430 1369 τοῦ
1455 1305 1520 1386 etp-

242 1431 343 1486 μαιος,
361 1413 398 1471 ut
417 1411 487 1486 ipse
503 1411 648 1487 explicet
666 1427 693 1472 s.
707 1427 738 1472 v.
763 1409 930 1489 κρόρινο
942 1435 965 1471 ν.
991 1411 1080 1474 corr.
1099 1413 1250 1475 Schmidt
1266 1427 1323 1488 pro
1335 1409 1521 1490 κροκιόνιον.
1567 1455 1571 1462 .

243 1511 360 1573 illoesa
381 1511 509 1573 medico
531 1512 630 1574 alicui
652 1512 758 1574 ionico
782 1513 931 1575 sublecta
953 1515 1091 1576 videtur.

198 1607 469 1694 προκινδυνεύειν
493 1611 567 1690 ὑπέρ
590 1635 679 1686 τινος.
703 1615 900 1677 Lexicorum
924 1615 1006 1677 locis
1029 1617 1111 1678 eddo
1134 1615 1289 1692 Hyperio.
1315 1615 1329 1674 I
1353 1615 1383 1690 7,
1409 1614 1520 1676 21111.

197 1708 395 1798 πμόκληρσς
418 1716 463 1780 u).
489 1715 591 1778 Inscr.
616 1717 866 1793 Aphrodisisdls
890 1717 958 1778 LW
989 1719 1074 1780 1603
1098 1721 1162 1788 τοῖς
1186 1720 1297 1792 φυλαῖς
1319 1713 1369 1774 est
1392 1715 1521 1794 προκλή-

242 1816 459 1892 ροις(Κ11111.).

197 1914 643 1999 xpuxolltuu=npopoioaon
666 1913 851 1982 Meisterh.²
876 1921 927 1996 70,
955 1921 1015 1999 lp.

196 2015 437 2101 κροκομίδδεν·
459 2021 657 2100 προκομίζων.
682 2023 722 2083 Η.
747 2022 947 2084 Laconicum
971 2025 1029 2084 aut
1051 2022 1249 2084 boeoticum.

197 2116 460 2206 Προκόννησος,
483 2137 548 2184 non
574 2122 810 2202 Προικόννηαος.
833 2117 1018 2185 Meistsrh.²
1041 2125 1093 2200 74,
1118 2124 1149 2184 9.

197 2219 385 2304 προκοπαί,
408 2223 516 2284 felix
540 2224 655 2286 vitoe
679 2225 879 2286 conditio.
905 2225 1117 2302 Epitaphium
1137 2225 1233 2286 metr.
1254 2225 1519 2287 Ptolemaeorum

243 2326 307 2386 oet.
338 2323 371 2384 in
401 2339 474 2400 pap.
498 2325 602 2387 llussi
625 2325 752 2388 Gizshii
775 2342 806 2387 n.
832 2328 930 2402 9206,
954 2325 1039 2388 ΒΟΗ
1062 2326 1125 2386 XX
1151 2327 1223 2402 191,
1249 2327 1264 2386 Ι
1288 2343 1319 2389 ν.
1346 2327 1386 2388 12
1409 2324 1521 2406 γενέσει

242 2421 363 2501 τέκνων,
385 2420 431 2503 ἣν
454 2425 571 2488 λίπον
594 2424 633 2488 ἐν
656 2433 888 2506 προκοπαῖς.
1139 2407 1142 2414 ¹

197 2523 397 2609 προκὸπειν
422 2525 505 2607 μέχρι
527 2537 578 2602 τᾶς
596 2537 656 2590 τῶν
680 2529 843 2609 >secamus
865 2529 1012 2610 γνώσεως.
1035 2530 1189 2606 Byzantii
1207 2529 1259 2591 tit.
1283 2529 1368 2605 IRB,
1393 2529 1408 2588 I
1432 2531 1519 2606 47,ss

243 2633 340 2692 (saec.
365 2643 394 2690 s.
419 2629 452 2692 0.
477 2631 517 2694 Ι).

197 2725 391 2810 πρόκωπον·
411 2729 466 2808 τὴν
485 2730 614 2810 πρὸτῆς
632 2735 764 2810 κεφαλῆς
783 2731 929 2811 τρίχωσιν·
954 2731 1087 2804 κσττίς
1109 2729 1165 2811 γὰρ
1182 2728 1263 2810 παρὰ
1279 2735 1340 2804 τοῖς
1352 2735 1521 2810 Δωριεῦσιν

241 2825 261 2908 ἡ
291 2829 408 2910 κεφαλὴ
438 2829 559 2912 λέγεται.
587 2835 692 2912 Ρ1101.,
718 2834 798 2896 Poll.
823 2835 854 2895 ΙΙ
878 2835 931 2895 39.
962 2833 1041 2896 Hee.
1072 2831 1289 2911 προκοστίς·
1320 2828 1339 2910 ἡ
1363 2832 1456 2912 χαίτη.
1477 2866 1518 2875 -

242 2931 447 3011 πρόκοττα·
471 2929 551 3008 είίος
570 2945 696 3014 κουρᾶς,
714 2933 734 3014 ἢ
753 2939 886 3014 κεφαλῆς
904 2934 1043 3014 τρίχωμα·
1067 2933 1199 3006 κοπείς
1223 2932 1279 3014 γὰρ
1297 2929 1317 3012 ἡ
1337 2935 1452 3012 κεφαλή
1470 2931 1521 2994 καλ

242 3034 274 3094 oi
290 3032 483 3116 ἀλεκτρυόνες
506 3035 638 3098 κοκαολ
661 3035 712 3097 διὰ
730 3035 783 3097 τὸν
802 3034 849 3097 eni
868 3046 904 3119 τῇ
922 3040 1039 3120 κεφαλῇ
1058 3034 1162 3112 λόφον.
1178 3036 1273 3112 Apud
1286 3035 1521 3112 Hippocratem

242 3137 386 3200 Galenus
420 3139 562 3216 explieat
597 3138 686 3216 ἴνιον,
718 3137 952 3219 κορεμκεφολίς,
986 3141 1021 3200 et
1055 3138 1229 3200 Herondse
1264 3139 1311 3198 III
1347 3139 1388 3198 72
1421 3138 1521 3198 verbu

242 3237 317 3318 πρὸς
347 3273 387 3285 -
418 3249 470 3318 τῆς
501 3241 682 3314 κοιτίδος
712 3248 813 3319 ψυχῆς
844 3255 916 3316 per
950 3240 1140 3316 capitale
1171 3240 1388 3315 ingenium
1419 3239 1522 3300 vertit

242 3341 432 3406 Buecheler.

197 3438 365 3524 κρόκμοον
388 3445 534 3507 laconice
547 3467 588 3494 =
601 3441 794 3522 upolnpovov
817 3444 889 3505 libri
915 3445 971 3504 Ar.
991 3443 1067 3518 Lys.
1083 3444 1168 3504 1252
1193 3441 1249 3503 ὅκα
1270 3439 1316 3504 οολ
1338 3438 1392 3519 μὲν
1411 3442 1520 3514 (Athe-

242 3544 385 3618 nienses)
413 3540 455 3605 ἐνί
482 3545 652 3630 Ἀρταμιτίῳ
673 3543 679 3624 Ι
697 3545 848 3624 κρόκροον
879 3545 1034 3605 σιοείκελοι
1054 3543 1059 3622 Ι
1080 3543 1172 3605 ποττὰ
1201 3549 1277 3605 κᾶλα
1311 3541 1368 3616 κὼς
1406 3542 1522 3622 Μήδως

242 3637 264 3703 ν’
290 3641 405 3705 ἐνίκων.
431 3647 494 3708 Sed
517 3648 592 3709 vide
614 3645 830 3726 πρῶκροον.

197 3741 402 3827 seponentes
425 3747 495 3808 θεοί
517 3743 566 3819 (i).
591 3749 693 3811 Inscr.
718 3749 895 3824 erythraea
917 3749 951 3809 in
975 3748 1056 3810 ilus.
1084 3752 1117 3809 et
1137 3748 1219 3809 Bibl.
1241 3749 1402 3823 smyrnae
1426 3747 1519 3822 1875,

246 3848 308 3909 108
339 3849 470 3924 (Kum.).
502 3885 541 3894 -
575 3850 824 3928 Προκύκλιος
856 3851 1050 3912 Aetolorum
1080 3851 1208 3911 mensis
1228 3873 1269 3898 =
1290 3849 1405 3926 Delph.
1431 3846 1521 3908 Βσοί-

242 3953 359 4021 θοιος
389 3955 443 4014 i=
463 3953 523 4012 att.
555 3951 763 4030 Βοηδρομιών)
794 3953 813 4014 i.
839 3967 866 4013 e.
897 3951 1104 4027 Sept-Oct.
1137 3950 1190 4012 ei)
1223 3953 1318 4013 1868.
1353 3950 1449 4012 1988.
1473 3947 1521 4011 Gi.

243 4049 410 4111 Bisschoff
429 4053 468 4113 de
492 4053 527 4114 F.
552 4053 588 4115 (1.
613 4055 651 4116 Α.

198 4146 398 4234 sponsale·
426 4148 445 4230 ἡ
475 4153 689 4234 αρομνήονριο.
723 4155 763 4216 Η.
795 4154 897 4215 Primi
922 4153 1095 4215 Herondcs
1119 4153 1307 4214 mimiambi
1329 4151 1448 4214 titulus
1471 4152 1522 4212 ost

242 4251 403 4332 ιιρσκακλλς
434 4251 454 4334 ἢ
484 4253 697 4333 προμνήστρια.
736 4253 927 4316 Praestaret
959 4251 978 4333 ἢ
1014 4253 1197 4334 μάστρονιος,
1227 4255 1299 4316 sive
1333 4250 1522 4333 ωροαγωγίς,

243 4371 322 4416 nam
340 4355 546 4434 νιρομνήσιρια
564 4356 650 4418 bona
670 4359 758 4418 certe
778 4360 887 4418 aetate
903 4357 937 4416 in
957 4357 1078 4418 bonam
1093 4360 1222 4433 partem
1235 4355 1466 4433 accipiebatur.
1481 4389 1521 4400 -

244 4455 387 4518 Herone.
410 4457 455 4518 VI
474 4459 517 4519 20
540 4457 642 4535 πρόσω
664 4466 780 4518 moseos
804 4459 984 4533 (superans)
1000 4455 1054 4534 miv
1078 4461 1326 4536 κροκνκλίην
1348 4458 1522 4528 Θο1[1οῦ]ν.

198 4553 369 4641 προκύων.
393 4559 476 4621 Cum
500 4560 677 4622 verborum
700 4560 775 4621 lusu
799 4557 1014 4620 Philodemus
1033 4559 1072 4620 de
1092 4560 1176 4621 rhet.
1198 4559 1297 4620 Sudh.
1317 4574 1347 4634 p.
1369 4557 1443 4633 242,
1465 4558 1521 4618 22;

245 4657 340 4740 λέγειν
372 4660 421 4736 [οὐ
451 4660 715 4743 κρ]οσ[κ]οίτην
746 4658 786 4733 ὡς
816 4669 875 4720 τῶν
906 4659 1060 4737 μετοίκων,
1090 4655 1148 4720 ἀλλ’
1182 4660 1209 4721 εί
1238 4657 1292 4738 μὲν
1322 4657 1436 4731 ἀστεῖος
1464 4657 1525 4736 εἴη,

244 4761 373 4840 φίλον,
395 4762 423 4824 εί
444 4757 472 4823 δ’
497 4762 594 4842 ἥσσων
616 4760 637 4841 ἢ
660 4761 735 4823 κατὰ
757 4761 809 4822 τὸν
832 4771 977 4838 τοιοῦτον,
999 4762 1186 4839 πρόκννα.
1210 4762 1257 4824 Gi.
1281 4762 1399 4823 lexico..

199 4861 486 4944 κροκωδωνίζειν.
509 4867 587 4943 Pap.
612 4882 700 4941 mag.
725 4866 801 4928 bibl.
826 4869 894 4926 nat.
918 4866 991 4926 Par.
1016 4864 1089 4932 (W.)
1113 4865 1166 4926 89.

200 4962 399 5050 προκώμιον
413 4966 634 5048 τ-κροοίμιον,
658 4967 751 5030 Pind.
776 4969 815 5026 N.
839 4967 883 5027 IV
909 4968 959 5028 10.
