3586 5598
944 405 1005 464 192

357 583 408 642 his
440 583 520 646 illud
550 586 633 646 satis
663 583 884 662 confirmatur,
914 588 1046 662 saepius
1077 587 1165 647 enim
1195 588 1294 649 verba
1316 590 1349 651 in
1373 591 1445 662 ίζειν
1468 597 1637 668 ponuntur

356 699 414 758 pro
433 687 558 747 ·verbis
592 687 626 748 in
660 689 717 762 εῖν,
752 703 782 747 v.
808 703 834 747 c.
866 686 985 758 αἰτίζειν
1017 703 1074 764 pro
1104 686 1207 764 αἰτεῖν,
1237 690 1294 750 sed
1320 691 1472 755 inversae
1494 697 1637 757 rationis

357 787 484 848 nullum
508 791 634 850 certum
658 789 735 849 novi
758 789 957 864 exemplum.

313 885 559 972 δειπνητήριον,
594 890 877 950 coenaculum.
913 890 1013 950 Tituli
1045 891 1124 965 Aeg.
1156 890 1241 952 FGH
1272 893 1305 970 3,
1339 895 1358 953 3
1390 897 1520 970 (11.93).
1552 900 1588 974 6,
1617 901 1632 957 1

356 1004 396 1064 (p.
422 993 484 1056 54).
512 991 590 1052 Vide
613 989 729 1050 lexico.

312 1088 577 1176 δειπνοφοριακὴ
600 1087 733 1175 πομπή.
756 1091 876 1168 Ephesi
899 1093 997 1153 inscr.
1024 1093 1054 1152 in
1080 1093 1202 1154 Herme
1227 1093 1271 1154 IV
1294 1111 1324 1170 p.
1350 1097 1424 1158 203.

312 1191 549 1275 δειραδιώτας,
573 1193 733 1269 Apollinis
757 1209 938 1268 cognomen
962 1194 1119 1256 Corinthi.
1143 1195 1239 1257 Paus.
1264 1197 1294 1256 Il
1319 1197 1376 1275 24,
1403 1201 1431 1260 1.

312 1292 440 1378 δειράρ·
472 1307 524 1364 l=
538 1295 655 1375 δειράςί·
682 1294 810 1374 κορυφή.
831 1295 871 1356 Η.
892 1295 941 1356 el.
962 1297 1019 1356 vix
1042 1297 1197 1358 laconica.
1223 1299 1368 1359 Lacones
1391 1300 1481 1360 enim
1505 1300 1524 1360 δ
1532 1299 1634 1380 ρροίρ

355 1399 480 1459 dixisse
504 1399 664 1460 videntur.
689 1397 762 1459 Vid.
787 1395 966 1476 δηράδες.
990 1399 1144 1460 Fortasse
1168 1401 1221 1460 est
1245 1400 1392 1476 Oropica.

311 1496 451 1580 δειριᾱν·
481 1499 693 1580 λοιδορεῖσθαι.
725 1503 878 1570 Λακωνες.
902 1499 943 1559 H.
975 1499 1050 1559 Fuit
1080 1499 1201 1560 saltem
1229 1499 1247 1559 δ
1255 1501 1634 1582 ετριῆν-τδηριᾶσθατ,

354 1602 412 1662 sed
446 1603 548 1664 miror
581 1601 812 1677 dipthongum,
849 1615 932 1674 quae
966 1601 1047 1660 item
1083 1602 1218 1676 apparet
1251 1601 1284 1661 in
1319 1603 1469 1676 sequenti
1504 1603 1632 1678 glossa:

355 1700 502 1784 δειρείοι·
530 1703 670 1782 λοίδοροι.
701 1702 734 1762 οί
761 1700 853 1762 αδτοί.
886 1702 1114 1776 Suspicionem
1147 1704 1246 1777 auget
1269 1704 1417 1765 eiusdem
1440 1705 1484 1780 gl.
1509 1701 1632 1786 δερίιιι·

353 1804 508 1882 λοιδορίαι.
527 1807 595 1866 Aut
612 1804 717 1880 fallor,
738 1806 796 1864 aut
815 1804 961 1863 Lacones
980 1803 1132 1862 dicebant
1152 1802 1307 1881 δηριῆν,
1325 1803 1486 1884 δηρεῖοι,
1504 1805 1632 1884 δηρία,

354 1904 400 1965 Of.
425 1903 638 1975 Creticumtl)
662 1903 815 1983 δηρίττειν·
840 1901 952 1981 ἐρίζειν.

310 2003 550 2078 δεῖσαῐείλύς
575 2005 684 2069 Suid.).
710 2007 757 2064 PB
785 2006 824 2065 14
848 2005 896 2064 III
922 2005 961 2064 13
993 2001 1215 2082 παραφέροντες
1239 2004 1378 2064 δεῖσαν
1402 2011 1545 2066 κοιτεῖσαν
1569 2005 1632 2069 ἀπὸ

353 2106 462 2183 χωρίου
487 2141 527 2151 -
553 2105 593 2179 εἰς
617 2103 804 2184 νταρυλισμδν
827 2104 977 2184 τενάγους.
1005 2105 1051 2166 Of.
1076 2105 1130 2165 PR
1152 2105 1184 2165 II
1207 2121 1237 2181 p.
1262 2108 1315 2183 34,
1342 2108 1394 2168 30.
1420 2107 1535 2186 δέσης
1559 2111 1631 2182 (Sic)

354 2208 439 2268 FGH
463 2209 537 2269 345.
563 2208 648 2268 Hinc
670 2207 733 2268 edi.
759 2203 916 2278 δεισαλέυς.
940 2206 1012 2266 Vid.
1037 2203 1182 2277 ἄδετος.

309 2305 458 2371 δεῖσθαι.
484 2310 575 2370 Adde
599 2309 728 2370 Schwh.
753 2309 860 2370 lexico
884 2309 960 2369 Her.
986 2309 1017 2367 II
1043 2309 1105 2368 132
1130 2305 1203 2382 φασί
1222 2306 1278 2387 γὰρ
1298 2306 1336 2386 δὴ
1360 2307 1455 2386 αὐτὴν
1479 2310 1631 2389 δεηθῆναι

352 2417 405 2470 τοῦ
429 2409 540 2491 πατρὸς
564 2409 742 2488 Μυκερίνου
766 2407 1022 2493 ἀποθνῄσκουσαν
1046 2406 1078 2468 έν
1100 2419 1139 2492 τῷ
1164 2406 1289 2493 ἐνιαυτῷ
1313 2408 1392 2484 δέτταξ
1411 2433 1477 2488 μιν
1497 2409 1631 2489 (ἑαυτὴν)

352 2509 403 2570 τὸν
434 2510 519 2590 ἥλιον
550 2511 688 2572 κατιδεῖν.
720 2511 764 2572 vi
796 2513 837 2572 25
866 2507 983 2570 έδέοντο
1015 2508 1108 2570 αὐτοῦ
1132 2520 1172 2594 τρδ
1195 2514 1258 2594 θεῷ
1282 2534 1348 2588 μιν
1372 2511 1542 2589 (ταύτὸν)
1566 2515 1631 2574 πεί-

351 2616 479 2690 θεσθαι,
509 2614 554 2674 VI
587 2615 649 2675 100
679 2609 852 2690 προσεδέετό
883 2633 913 2670 τε
944 2623 999 2684 (sc.
1031 2625 1142 2688 σφεων)
1174 2609 1419 2672 ἀτταίλάσσεσθαί
1446 2631 1568 2690 σφεας
1600 2613 1631 2688 ές

351 2711 405 2790 τὴν
429 2712 582 2794 σφετέραν.
606 2716 682 2776 Loci
705 2715 744 2776 ob
768 2717 970 2775 structuram
995 2713 1166 2774 notabiles.
1191 2714 1263 2774 Vid.
1288 2713 1422 2773 δεῖται.

308 2811 465 2878 decernitur
488 2819 534 2886 (1)·
558 2814 612 2894 τὴν
635 2815 763 2896 μοιρίαν·
783 2816 814 2875 oi
836 2811 868 2875 δέ
891 2815 1051 2892 διμοιρίαν.
1071 2816 1111 2876 H.
1133 2815 1198 2889 (qui
1219 2818 1368 2890 corrupte
1386 2831 1486 2891 supra
1505 2815 1629 2896 δείρα·

351 2915 484 2996 δείμοιρα
515 2919 595 2995 isici,
627 2917 783 2996 τράχηλος,
811 2915 972 2994 διαίρεσις).
1004 2917 1137 2992 Legitur
1160 2917 1193 2976 in
1223 2917 1274 2978 tii.
1307 2919 1366 2978 att.
1399 2915 1469 2978 OIA
1500 2918 1531 2977 II
1561 2919 1626 2980 631

351 3016 503 3092 δεισίας
532 3027 627 3098 κρεῶν
657 3019 691 3079 in
715 3034 781 3079 acc.
806 3017 938 3094 plurali,
963 3018 1048 3078 unde
1071 3018 1213 3078 fortasse
1236 3017 1401 3092 Hesychio
1425 3017 1628 3080 reddendum

351 3117 480 3180 δεισέα
503 3120 566 3182 vel.
591 3119 759 3179 δεισέτιν.

306 3218 411 3283 δεῖται
424 3245 465 3270 =
479 3221 546 3282 der'?
580 3220 721 3282 Herond.
757 3219 801 3279 VI
831 3221 872 3280 41
905 3216 999 3278 πολλὰ
1028 3217 1083 3296 τήν
1112 3239 1167 3296 μευ
1198 3217 1329 3298 γλάσσαν
1359 3215 1488 3297 ἐκτεμεῖν
1518 3218 1629 3298 δεῖται,

349 3324 419 3384 scil.
456 3323 604 3400 corytto,
640 3325 677 3382 ut
710 3321 855 3398 plerique
891 3321 1064 3396 accipiunt.
1097 3319 1142 3381 cf.
1175 3321 1189 3380 Ι
1225 3322 1277 3381 79.
1309 3320 1369 3382 VII
1404 3321 1456 3382 49.
1492 3321 1629 3382 Meister

348 3427 460 3486 temen
491 3440 548 3501 pro
579 3424 628 3484 δεῖ
646 3423 790 3499 positum
813 3425 908 3498 putat
932 3423 1038 3483 citans
1061 3423 1201 3483 Antiatt.
1225 3425 1300 3488 (BA)
1324 3423 1381 3499 88,
1407 3423 1466 3482 21:
1498 3421 1627 3482 δεῖται

348 3523 414 3585 ἀντί
437 3534 489 3586 τοῦ
514 3527 565 3586 δεῖ·
590 3523 783 3584 ἀπειθεῖν
806 3545 844 3602 με
868 3523 1010 3599 δεῖται,
1036 3523 1094 3584 sed
1115 3523 1257 3584 dubitari
1281 3527 1390 3600 potest
1414 3540 1494 3584 num
1517 3537 1627 3600 gram·

348 3629 490 3689 motinus
513 3644 552 3689 ea
565 3628 664 3688 verba
683 3628 764 3688 bene
783 3625 995 3686 intellexerit.
1011 3624 1190 3686 Buecheler
1210 3625 1322 3686 attulit
1335 3625 1432 3702 soph.
1446 3626 1482 3686 0.
1495 3625 1528 3686 O.
1542 3627 1627 3686 570:

347 3730 419 3790 ὥστε
450 3727 559 3808 βραχέα
588 3751 638 3806 μοι
669 3728 787 3788 δεῖσθαι
815 3726 875 3792 (δεῖ
892 3743 917 3787 3.
941 3725 1004 3786 δεῖν
1028 3727 1107 3796 συιδ)
1131 3725 1246 3804 φράσαι
1268 3729 1302 3788 et
1324 3727 1472 3788 Platonis
1496 3727 1626 3788 Menon.

347 3849 376 3908 p.
413 3833 454 3892 ’19
490 3831 527 3908 O,
564 3831 619 3891 ubi
653 3833 766 3891 tamen
798 3829 927 3888 variant
958 3827 1095 3888 codices.
1125 3828 1198 3902 Ipse
1230 3843 1307 3888 vero
1338 3829 1517 3891 Buecheler
1539 3831 1627 3904 apud

347 3933 535 3994 Herondam
569 3932 712 3993 tentavit
748 3929 861 4006 δεήσει,
895 3944 956 4004 ego
990 3929 1109 3988 Mnem.
1146 3929 1246 4004 1892,
1278 3929 1320 3988 84
1345 3928 1394 3989 δεῖ
1412 3945 1452 3989 σε.
1478 3929 1628 3990 Certiora

346 4036 446 4110 igitur
483 4034 581 4095 huius
616 4048 695 4094 usus
731 4032 815 4107 apud
850 4029 1050 4104 antiquiores
1085 4029 1237 4105 exempla
1269 4031 1503 4092 desideramus.
1538 4031 1625 4092 Nem

346 4137 528 4197 Pausaniae
558 4133 714 4196 scribenti
744 4132 788 4193 IV
813 4133 869 4206 29,
895 4133 914 4191 3
939 4129 1030 4190 ἐδεῖτο
1053 4128 1110 4210 γάρ
1134 4129 1165 4189 οἱ
1184 4129 1302 4202 τιάντως
1326 4129 1467 4211 γενέσθαι
1490 4129 1625 4210 χρήματα

345 4237 527 4299 testimonii
551 4237 650 4298 dictio
673 4251 738 4297 non
762 4237 823 4296 est.

302 4336 472 4423 despoliem
491 4333 648 4418 Ἑρμᾶνος.
667 4339 769 4399 inser.
786 4339 882 4397 metr.
902 4335 1005 4396 Andri
1024 4350 1074 4409 ap.
1095 4333 1264 4410 Rossium‚
1285 4334 1381 4395 inscr.
1403 4334 1456 4395 Gr.
1471 4333 1554 4395 ined.
1568 4335 1623 4395 96.

345 4441 592 4517 Diphthongum
612 4439 712 4500 hebet
735 4439 836 4499 etiam
861 4437 904 4512 gl.
928 4437 1006 4496 Hes.
1031 4433 1302 4512 διασήσαντες·
1325 4434 1566 4514 ψηλαφήσαντες.

302 4538 389 4604 δέκα
423 4538 471 4621 ἐν,
502 4539 527 4600 δ.
563 4539 634 4616 δύο,
668 4538 693 4598 δ.
724 4539 804 4618 τρία,
838 4537 863 4598 δ.
895 4535 1035 4616 τέσσαρα,
1069 4535 1094 4595 δ.
1130 4532 1230 4612 πέντε,
1266 4534 1292 4595 δ.
1324 4533 1386 4610 Hi.
1421 4535 1447 4596 δ.
1482 4532 1554 4595 ἒτττα
1580 4559 1623 4586 =

345 4640 463 4718 ἕνδεκα,
486 4640 601 4701 δώδεκα
624 4643 685 4702 etc.
713 4641 769 4699 ΤΗ
791 4641 821 4700 ΙΙ
846 4641 902 4716 34,
928 4640 943 4698 Ι
967 4640 1019 4698 29.
1044 4638 1075 4698 ΙΙ
1099 4639 1151 4698 63.
1174 4638 1226 4698 68.
1248 4639 1301 4698 69.
1323 4639 1375 4698 86.
1397 4637 1450 4698 99.
1474 4637 1546 4698 106.
1567 4637 1653 4699 40.·

346 4747 398 4804 61.
426 4745 505 4817 104;
531 4739 623 4802 δέκα
648 4741 740 4820 μίαν
764 4744 798 4802 et
821 4738 911 4800 δέκα
935 4737 1088 4820 τέτορες
1112 4740 1209 4799 inser.
1234 4738 1347 4814 Delph.
1372 4739 1458 4798 Ann.
1482 4738 1513 4798 d.
1537 4737 1623 4799 Inst.

345 4846 377 4906 di
411 4845 504 4904 Rom.
544 4845 642 4920 1866,
681 4845 721 4903 10
752 4845 786 4904 et
819 4844 877 4916 12;
909 4839 1002 4900 δέκα
1033 4840 1104 4901 δύο
1135 4839 1220 4901 Oret.
1245 4839 1313 4900 Del.
1342 4841 1418 4916 129,
1443 4841 1502 4912 56;
1528 4835 1624 4898 δέκα

345 4942 440 5006 ὀκτώ
472 4944 574 5004 Rhod.
606 4944 673 5004 Del.
709 4945 784 5020 180,
816 4945 869 5005 86.
901 4942 947 5004 cf.
974 4944 1024 5002 PK
1047 4943 1062 5002 1
1085 4957 1115 5017 p.
1143 4941 1223 5016 187;
1249 4937 1343 5000 δέκα
1366 4937 1482 5000 πέντε
1504 4939 1620 5001 Boset.
