3662 5606
903 406 967 466 382

319 590 352 653 δὲ
371 591 403 654 τὸ
422 591 508 653 πολύ·
529 588 589 650 ἔστι
606 585 638 650 δὲ
651 589 773 650 Λυδῶν.
794 623 835 633 -
857 590 868 650 ί
874 593 894 670 β
901 591 1054 669 υδῆνας
1071 590 1228 670 (ίβοκῆνας
1236 592 1270 663 2)·
1291 589 1361 662 τούς
1373 588 1593 668 εὐφημοῦντας.

263 683 264 686 “
319 694 387 775 ῖβύς
404 693 461 774 γάρ
483 689 503 770 ἡ
526 691 669 770 εὐφημία.
695 725 733 734 -
761 691 874 770 ίβύει·
898 693 999 754 τύπτει
1021 695 1178 774 (uranum,
1200 693 1266 776 βοᾷ.
1287 725 1329 736 -
1351 692 1477 772 ι’βύκη·
1502 691 1594 770 εύφη-

318 797 378 876 μία.
401 831 440 840 -
461 794 698 875 ῖβυκηνίσαι
722 795 790 870 (pro
813 793 985 873 ίβυκινῆσαι
1010 810 1051 856 ex
1076 796 1147 853 ΕΜ
1166 796 1242 872 464,
1260 796 1302 855 45
1327 810 1409 856 corr.
1432 793 1593 866 Dindorf)'

318 896 543 976 ἐπευφημῆσαι,
571 896 689 974 βοῆσαι.
714 930 755 939 -
780 894 1091 974 ῖβυκηνίσαντες
1123 895 1229 962 (Dind.
1259 912 1317 973 pro
1349 894 1594 975 ίβυκινήσαντες)·

322 997 615 1079 (ἀναφθεγξάμενοι
651 994 766 1076 μίγο>·
801 993 861 1056 οἰττδ
890 995 947 1077 γάρ
977 995 1010 1057 τὸ
1041 996 1078 1076 ίβ
1086 1005 1106 1057 d
1129 998 1198 1073 (sic)
1221 1005 1370 1075 παρῆκται
1393 992 1412 1074 ἡ
1436 993 1520 1068 λέξις.
1544 993 1594 1055 καί

318 1099 396 1161 ἔστιν
422 1095 556 1160 Ἰωνικόν
586 1099 692 1176 (modo
722 1099 849 1173 lydium
880 1103 962 1164 erat)
993 1096 1155 1178 ἐπίρρημα,
1185 1095 1234 1158 καῖ
1264 1098 1354 1176 δηλοῖ
1380 1096 1412 1159 τὸ
1441 1097 1520 1158 πολὺ
1543 1095 1596 1156 καί

318 1201 406 1284 μέγα,
440 1197 516 1273 τινὲς
548 1196 581 1260 δὲ
611 1198 643 1260 τὸ
673 1201 749 1279 βοᾶν
777 1199 1005 1279 <ἰβύεινῖ>,
1035 1201 1066 1261 oi
1096 1197 1128 1260 dl
1159 1200 1279 1261 τύπτειν
1310 1195 1594 1276 incurret‘v?),0161

317 1305 475 1384 εύφημεῖν,
497 1305 527 1364 οἳ
549 1299 581 1363 dl
605 1303 726 1380 δηλοῦν.
750 1300 809 1362 ἔστι
832 1298 865 1362 δὲ
883 1300 933 1362 καὶ
954 1301 1040 1382 ὅρκος
1057 1297 1196 1375 Ἰωνικός.
1213 1337 1251 1346 -
1266 1302 1418 1382 ἰβύκγα·
1442 1301 1592 1380 σεμνότης.

317 1407 415 1486 idve·
446 1404 587 1484 εὐφημία·
619 1404 807 1484 ἰβ<ύ>ων
831 1406 911 1474 (cod.
937 1405 1029 1481 iddvl·
1053 1403 1208 1484 εὐφημῶν.
1232 1405 1332 1467 Vides
1356 1406 1593 1482 grammaticos

317 1513 459 1572 mirasse
482 1507 683 1570 intenebris
706 1509 740 1568 ei
762 1507 904 1569 fortasse
927 1511 1055 1584 pariam
1078 1509 1195 1570 horum
1220 1507 1456 1570 vocabulorum
1475 1507 1514 1568 de
1532 1521 1592 1567 suo

316 1613 477 1674 illuxisse.
512 1611 594 1671 Pars
627 1611 710 1670 satis
741 1611 912 1686 perspicua
942 1609 1080 1690 ι’βυκτήρ,
1109 1609 1214 1688 ἰβύκη,
1244 1609 1353 1688 ἰβυκχά
1373 1634 1414 1658 =
1432 1605 1593 1686 ἰηῖγακτήρ,

317 1712 445 1794 diluuii,
475 1711 589 1791 llflvyoi
620 1727 695 1772 cum
726 1711 820 1772 falsis
843 1712 1049 1788 accentibus,
1075 1711 1180 1789 idi:
1194 1711 1251 1772 iod.
1276 1711 1413 1786 Reliqua
1435 1710 1510 1786 plus
1532 1709 1591 1770 mi·

316 1830 421 1877 uusve
444 1816 612 1890 suspecta,
637 1827 716 1873 nam
739 1812 806 1891 ἴβος
830 1828 903 1874 asse
927 1813 1065 1875 debebat
1087 1813 1224 1893 ίβυκχύς,
1247 1813 1325 1892 ι’βύει
1348 1817 1381 1874 et
1400 1811 1495 1892 ἰβύων
1514 1825 1591 1872 vero

316 1919 409 1998 ι’βύζει
432 1919 466 1978 ai
488 1914 607 1995 ίβύζων.
631 1917 785 1976 Fortasse
809 1915 982 1990 aliquando
1007 1932 1102 1993 opem
1126 1918 1233 1979 ferani
1254 1915 1355 1978 ciculi.

271 2015 366 2103 ἷβων·
391 2017 512 2090 στάζων.
535 2018 576 2079 Η.
601 2017 650 2078 Gi.
674 2016 987 2096 δοθοδίῦατεῖβων.
1011 2017 1086 2080 cod.
1112 2017 1215 2096 ίβῶν·
1240 2015 1385 2094 εὐφημῶν
1409 2017 1486 2081 ivid.
1510 2033 1537 2078 8.
1559 2033 1589 2077 v.

317 2119 508 2200 ι’βυκτήρ),
533 2119 654 2191 στάζων.

268 2219 330 2306 ἴηα
353 2221 508 2301 (Ξσίγαλ
533 2220 639 2281 σιώπα.
661 2221 802 2299 Κύπριοι.
826 2221 867 2281 Η.

269 2321 375 2408 ἴηηια.
400 2321 535 2386 vidia.
560 2323 607 2384 cf.
632 2323 807 2399 singuli.

268 2421 384 2510 ἶηηυος
408 2426 556 2487 arcadico
570 2449 611 2473 =
625 2423 744 2506 ἔγγυος,
767 2421 920 2504 ἐγγυητής.
944 2424 1071 2499 Tegeae
1094 2427 1146 2487 tit.
1172 2426 1225 2487 GD
1252 2427 1345 2502 1222,
1372 2427 1424 2486 36.

269 2523 497 2611 δηκεχημὴκοι
527 2523 968 2606 αεοεδίοοεέγκεχαρηκοίη.
1000 2528 1125 2602 Tegeae
1155 2528 1206 2588 cit.
1240 2527 1293 2587 GD
1322 2528 1415 2602 1222,
1444 2527 1482 2584 12
1508 2523 1533 2584 εἰ
1557 2523 1590 2584 δέ

313 2651 356 2700 τις
380 2626 550 2708 ἕργωνήσας
574 2627 614 2706 μὴ
639 2627 827 2708 ῖγκεχηρήκοι
851 2632 911 2699 τοῖς
936 2626 1041 2706 ἔργοις.
1065 2627 1112 2690 Cf.
1137 2618 1311 2705 φθήρων.

268 2725 398 2814 ἶγκρος·
423 2725 592 2810 ἐγκέφαλος.
617 2731 657 2791 Η.
686 2728 1040 2810 ὒγρῑὶυωτίγκαρος.
1065 2731 1187 2792 Hoffm.
1212 2732 1226 2791 I
1253 2731 1325 2791 114.

269 2826 373 2913 ίγνύς.
397 2833 488 2894 Adde
511 2833 654 2894 Herond.
680 2833 694 2892 I
721 2833 777 2891 14:
803 2827 818 2890 δ
842 2829 936 2910 πηλός
960 2829 1041 2910 άγρις
1064 2831 1177 2912 ίγνύων
1200 2829 1406 2910 προσέστηκεν.

267 2928 337 2995 ido„
362 2934 433 2995 vid.
458 2933 531 3011 ἴδη.

268 3031 388 3098 Ἰδαῖοι
412 3031 591 3098 Δάκτυλοι·
615 3037 645 3096 οἲ
666 3031 720 3113 μὲν
744 3032 803 3095 άπὸ
826 3043 878 3112 τῆς
905 3033 1053 3115 Φρυγίας,
1076 3035 1106 3095 οἳ
1127 3031 1160 3095 dl
1183 3033 1242 3096 άπὸ
1266 3044 1317 3112 τῆς
1338 3034 1458 3113 Κρήτης
1478 3033 1588 3105 αὐτοὺς

313 3134 491 3215 ὠνομάσθαι
520 3135 614 3214 φασίν
638 3134 728 3215 Ἴδης.
761 3137 800 3198 Η.
831 3137 960 3198 Scholia
990 3137 1172 3198 Pausaniae
1203 3138 1243 3198 ad
1268 3139 1294 3196 V
1320 3140 1350 3215 7,
1377 3139 1396 3198 6
1429 3135 1587 3215 (φρουράν)

313 3239 345 3300 in
377 3239 499 3300 Hermo
530 3255 559 3300 a.
594 3239 689 3316 1894,
725 3241 805 3300 148:
838 3238 1000 3316 σημείωσαι
1031 3236 1098 3319 περί
1128 3247 1186 3298 τῶν
1209 3232 1328 3299 Ἰδαίων
1353 3239 1526 3316 Δακτύλων,
1548 3235 1588 3311 ὡς

313 3337 384 3400 δέκα
403 3338 459 3400 εἰσί
478 3340 530 3400 τὸν
549 3338 692 3420 ἀριθμόν,
711 3337 825 3400 διὸκαὶ
846 3339 985 3402 δάκτυλοι
1003 3341 1277 3421 προσαγορεύονται
1296 3338 1356 3401 άπὸ
1368 3349 1426 3400 τῶν
1438 3336 1588 3419 ἡμετέρων

313 3441 478 3519 δακτύλων,
496 3435 600 3502 Ἰδαῖοι
629 3439 661 3502 δέ
684 3439 747 3502 ἐπεί
769 3439 801 3501 ἐν
822 3439 883 3520 όρει
905 3450 957 3520 τῆς
982 3442 1101 3522 Κρήτης
1125 3439 1269 3524 ἐγένοντο.
1293 3441 1475 3521 Στησίχορος
1499 3445 1587 3520 (Στη-

312 3542 469 3622 σίμβροτος
493 3543 717 3605 Wilamowitz
749 3544 770 3608 l.
793 3545 825 3614 l.)
858 3539 890 3604 dl
921 3543 994 3617 Διὸς
1016 3543 1067 3606 καί
1083 3542 1165 3623 Ἴδης
1188 3543 1298 3618 αύτούς
1321 3542 1412 3625 λέγει,
1430 3540 1531 3624 Ἰδης
1556 3540 1587 3604 δὲ

312 3644 434 3722 νύμφης
458 3645 562 3724 φησίν,
585 3644 627 3705 ὅτι
652 3642 668 3705 δ
693 3645 769 3718 Ζεὺς
793 3643 925 3706 ἐκέλευσε
948 3644 1000 3719 τὰς
1024 3646 1036 3707 ί
1044 3645 1131 3719 δίας
1154 3647 1284 3728 τροφούς
1307 3648 1410 3726 λαβεῖν
1432 3645 1518 3708 κόνιν
1537 3646 1589 3706 καί

312 3743 399 3825 ρ’ῖψαι
422 3745 463 3818 είς
486 3744 631 3825 τούπίσω,
653 3744 703 3806 καί
726 3745 757 3807 ἐκ
780 3755 832 3826 τῆς
855 3747 966 3820 κόνεως
989 3746 1131 3828 γενέσθαι
1155 3748 1224 3822 τοὺς
1245 3744 1374 3822 Ἰδαίους
1398 3749 1587 3824 Δακτύλους,

312 3843 365 3919 οὓς
395 3843 605 3926 ὀνομασθῆναι
635 3845 711 3928 λέγει
743 3849 851 3927 οὕτως,
881 3847 983 3928 ἐπειδὴ
1014 3846 1033 3928 ἡ
1062 3849 1145 3924 κόνις
1167 3847 1206 3929 ἣν
1230 3849 1358 3930 ἔρριψαν
1382 3849 1411 3924 ἐξ
1427 3848 1510 3928 Ἴδης
1533 3859 1586 3911 τοῦ

312 3945 401 4028 ὅρους
423 3939 473 4028 ἦν,
497 3949 645 4012 Δάκτυλοι
669 3948 715 4030 δέ,
738 3948 840 4028 ἐπειδὴ
864 3955 945 4024 τοῖς
970 3951 1183 4025 δακτύλοις
1206 3951 1334 4033 δ’ρριψαν
1358 3955 1422 4030 (ΙΙ).

267 4046 706 4134 Ἰδαμενῆοςτ-Ἶδομενέος.
730 4052 832 4114 Rhod.
858 4052 929 4113 Vid.
954 4053 1089 4115 Kirchlr.
1115 4048 1303 4131 Alpuaued,
1328 4071 1358 4131 p.
1383 4055 1437 4115 49.

268 4145 357 4235 ίδαμ·
381 4155 493 4234 βρῶμα.
517 4155 557 4215 Η.
582 4148 894 4234 Βοεοοῖαοεείδαρ.
924 4157 1079 4218 Eiusdem
1106 4156 1238 4217 dialecti
1262 4157 1414 4218 videntur
1438 4155 1481 4232 gl.
1506 4157 1583 4218 Heu.

311 4254 439 4333 ῖδημα·
464 4255 561 4336 ὅραμα
585 4260 620 4318 et
642 4255 801 4333 ίδήμων·
825 4257 996 4336 γνωστικός.

266 4354 382 4432 ῑδδιυς.
407 4358 478 4418 Vid.
503 4357 616 4430 ἴδιος.

268 4454 333 4536 ire,
365 4462 401 4519 ur
432 4475 482 4535 up.
513 4460 696 4521 Homerum
726 4475 784 4536 pro
815 4459 867 4519 καί
897 4461 1063 4537 cyprium.
1094 4463 1199 4524 Edalii
1231 4463 1328 4523 inscr.
1364 4464 1435 4538 135,
1462 4462 1514 4522 26.
1542 4461 1583 4522 Η.

311 4560 446 4622 Ponitur
468 4562 570 4622 eliam
593 4561 627 4622 in
651 4563 785 4638 apodesi
809 4563 930 4623 ibidem
953 4563 974 4624 l.
1003 4565 1040 4622 12
1061 4566 1096 4625 et
1115 4567 1156 4624 24
1176 4581 1235 4640 sq.‚
1257 4565 1364 4639 priore
1384 4563 1454 4625 loco
1473 4563 1584 4624 addito

310 4683 364 4721 παι
383 4665 435 4727 (=
448 4676 517 4746 πη);
542 4659 610 4741 ἤτε
629 4685 671 4736 τις
687 4657 843 4724 Ὀνάσιλον
863 4661 882 4743 ἢ
901 4663 949 4736 τὸς
969 4664 1145 4744 κασιγνήτος
1165 4662 1184 4743 ἢ
1205 4663 1253 4737 τὸς
1272 4665 1382 4736 παῖδας
1394 4673 1453 4724 τῶν
1466 4663 1584 4724 παίδων

310 4772 368 4823 τῶν
394 4757 622 4842 Ὀνασικύττρων
652 4771 705 4833 (=
722 4769 812 4846 -ττρωλ
844 4763 873 4838 ἒξ
904 4773 954 4825 τῶι
985 4765 1080 4845 χάρωι
1111 4766 1196 4827 τῶιδε
1232 4765 1370 4845 ἐξορύξη,
1402 4763 1463 4826 iil
1500 4787 1584 4843 παι,

310 4862 326 4924 δ
357 4861 495 4943 ίξορύξη,
524 4864 618 4926 πείσει
648 4869 679 4931 ii.
704 4883 731 4928 e.
764 4866 861 4940 τείσει)
889 4861 1044 4928 Ὀνασίλωι
1075 4866 1129 4940 κάς
1160 4881 1213 4942 (--
1226 4866 1286 4942 καί)
1309 4871 1371 4940 τοῖς
1394 4868 1582 4947 κασιγνήτοις

310 4965 361 5026 τὸν
385 4963 516 5046 άργυρον
538 4967 624 5028 τόνδε
646 4965 702 5028 κτὲ.
