3678 5614
912 379 977 440 488

327 558 406 618 vitio
438 558 519 618 mihi
549 562 703 636 suspecta
732 563 785 621 ast
812 563 949 636 utraque
980 561 1091 637 glossa
1113 565 1147 622 et
1170 562 1280 622 nescio
1304 560 1370 622 iere
1394 574 1435 620 an
1459 557 1603 633 genuina

325 657 426 720 fuerit
446 658 610 732 λά-παις
634 664 692 723 aut
710 663 843 738 propius
867 665 907 724 ad
926 664 1065 724 traditas
1083 664 1212 726 litteras
1234 667 1436 734 λοι-παις,
1465 662 1502 720 ut
1519 663 1602 718 λαι-

328 759 503 834 σποδίας.
526 761 573 825 Oi.
597 758 779 839 praefixum
804 751 849 825 λἀἱ
871 767 905 827 in
927 765 1155 845 λακαταπύγων,
1174 764 1316 844 Λάμαχος
1340 767 1374 824 et
1392 762 1566 839 similibus.

282 857 463 946 λαιψημθς.
487 865 582 926 Locis
604 866 686 928 adde
708 867 861 942 Bacchyl.
882 866 943 927 VII
966 871 997 929 6.

282 959 512 1048 λαλαγεῡσαι·
536 971 686 1029 λαλοῦσαι.
710 1003 753 1011 -
776 964 993 1054 λαλαγητὴς·
1017 968 1221 1048 ματαιολόγος.
1246 970 1286 1032 Η.
1315 969 1364 1030 61.
1392 967 1528 1029 ionicae.
1553 962 1599 1026 Oi.

327 1082 448 1129 nomen
471 1069 627 1146 Lalage
650 1072 736 1146 apud
759 1071 946 1133 Horatium.
1402 1091 1404 1098 ·

282 1163 515 1251 λαλαχεόεινλ
543 1173 592 1232 ΡΟ
615 1174 690 1250 296,
709 1173 751 1234 25
781 1169 848 1251 napi
879 1168 912 1232 ot
941 1179 994 1233 τοῦ
1019 1176 1177 1251 φαλακροῦ
1200 1172 1320 1253 γράψον
1343 1193 1402 1250 μον
1425 1178 1489 1242 πῶς
1511 1166 1601 1228 πάλιν

326 1271 591 1349 intaxatum.
615 1273 886 1350 Dittographema
905 1278 969 1351 est,
994 1275 1119 1349 siquid
1141 1275 1246 1351 video,
1269 1289 1327 1349 pro
1347 1270 1602 1351 taxioticam

329 1396 370 1421 =
383 1375 556 1452 λαχνοσναι,
579 1379 616 1436 ut
640 1377 771 1437 variant
793 1376 959 1438 interdum
983 1377 1082 1438 verba
1105 1377 1137 1436 in
1161 1373 1199 1437 ic
1223 1379 1257 1438 st
1280 1376 1348 1438 εύω.

161 1479 163 1484 ’
284 1467 417 1537 λαλεῖν.
438 1475 581 1538 Herond.
594 1478 639 1538 IV
651 1479 693 1539 33
713 1479 753 1541 de
772 1482 899 1541 statua:
918 1479 981 1539 εἴτι
994 1476 1034 1557 μὴ
1046 1479 1133 1552 λίθος
1145 1469 1283 1559 τοῦργον,
1294 1476 1368 1557 ἐρεῖς
1384 1474 1551 1553 ,λαλήστι”.
1562 1506 1602 1514 -

327 1576 374 1637 De
398 1581 601 1652 pantomimo
624 1579 718 1641 Kaib.
743 1597 792 1656 ep.
817 1582 881 1643 608
905 1578 1003 1660 χερσλν
1023 1580 1140 1642 ἅπαντα
1159 1580 1288 1658 λαλήσας
1309 1583 1404 1644 (3666.
1428 1579 1460 1638 II
1483 1578 1541 1638 aut
1558 1575 1606 1634 III

329 1696 358 1755 p.
391 1678 446 1744 6.).
472 1714 513 1724 -
537 1683 638 1743 Anth.
671 1683 724 1744 Gr.
757 1685 894 1759 append.
925 1683 997 1750 Did.
1030 1685 1098 1751 (ΠΙ)
1130 1685 1161 1744 ΙΙ
1192 1685 1256 1746 681
1293 1683 1412 1743 vitiose
1446 1679 1605 1753 scriptum

328 1784 526 1843 λαλλοῦσα
549 1800 606 1859 pro
629 1781 782 1846 λαλέοαοα.
807 1783 854 1848 Oi.
879 1786 970 1848 Stud.
996 1785 1074 1848 crit.
1099 1803 1174 1848 mea
1196 1786 1230 1847 in
1253 1801 1303 1862 ep.
1329 1785 1383 1847 Gr.
1408 1799 1438 1858 p.
1463 1782 1516 1844 61.

284 1877 428 1946 λάλλαι·
458 1883 565 1957 λάλλας
594 1882 713 1966 λέγουσι
741 1883 793 1958 τὰς
826 1887 1097 1967 παραθαλασσίους
1131 1885 1182 1948 ιιαλ
1210 1885 1441 1967 παραποταμίας
1471 1879 1605 1960 ψήφους·

329 1985 370 2044 Η.
395 1983 442 2046 of.
466 1986 600 2049 Theocr.
625 1987 721 2049 XXII
744 1989 797 2050 39.

285 2080 659 2167 λαμβάνεινεναμεῑν.
690 2089 818 2152 Novum
852 2091 959 2168 Eurip.
995 2093 1033 2153 it.
1067 2093 1142 2169 963,
1169 2093 1209 2154 27
1243 2085 1338 2154 ch.²
1367 2093 1452 2166 (pap.
1484 2086 1605 2149 uiootl:

330 2182 346 2246 ὁ
377 2195 434 2247 νῦν
466 2185 528 2265 [δὴ]
556 2191 718 2269 λαμβάνειν
741 2190 854 2269 μέλλων
878 2188 911 2270 μ’
938 2191 1024 2273 ἀνήρ.
1050 2228 1090 2238 -
1114 2194 1253 2256 Formas
1277 2193 1468 2255 dialecticas
1491 2188 1608 2268 λάψρ,

330 2287 514 2368 λάψεται,
536 2291 749 2371 λελάβηκα,
770 2297 1040 2372 λαμψοῦνται,
1062 2294 1296 2372 κατελάφθη
1320 2293 1394 2355 vide
1413 2307 1472 2353 suo
1495 2304 1607 2365 quam·

331 2405 393 2465 que
416 2389 498 2453 loco.
523 2425 560 2434 —
589 2395 827 2470 Imperativum
852 2395 974 2474 λάβον
997 2396 1213 2471 Syracusanis
1236 2394 1353 2456 tribuit
1379 2395 1450 2454 EM.

287 2487 423 2574 λάμνοι,
454 2492 607 2572 lamna,
636 2495 808 2574 lamina,
839 2498 966 2573 passim
997 2498 1137 2559 occurrit
1167 2498 1201 2558 in
1224 2498 1357 2574 papyris
1383 2494 1531 2570 magicis.
1559 2490 1606 2554 cf.

331 2595 591 2669 Byzantinorum
614 2597 677 2659 loci
699 2600 733 2659 in
753 2599 923 2675 Sophoclis
941 2599 1047 2661 lexico
1066 2615 1092 2660 s.
1107 2615 1137 2660 v.
1151 2602 1185 2660 et
1204 2599 1294 2676 λαμία
1314 2603 1346 2660 et
1366 2599 1452 2661 dem.
1472 2593 1607 2673 λαμνίον.

287 2696 425 2778 Δᾰμνος
447 2697 556 2760 dorice
578 2699 687 2760 insula
709 2704 835 2778 Λῆμνος
858 2701 987 2764 dicitur.
1012 2701 1145 2776 Legitur
1167 2699 1322 2778 Λαμνιάς,
1347 2698 1499 2777 Λάμνιος,
1522 2700 1609 2771 Λαμ-

330 2795 424 2858 νόθεν
455 2801 540 2876 apud
570 2801 764 2880 Pindarum,
797 2803 837 2864 cl.
868 2803 1022 2878 Bacchyl.
1053 2803 1147 2863 XVII
1175 2805 1227 2865 55.
1260 2801 1308 2863 Bl.
1333 2802 1400 2862 Nec
1423 2797 1608 2872 Aeschylus

331 2898 408 2962 Cho.
439 2903 514 2963 631.
546 2903 611 2964 634
642 2901 794 2982 Λήμνιον,
822 2904 1003 2983 Λημνίοισι,
1033 2921 1116 2980 quae
1150 2906 1336 2980 traduntur,
1368 2902 1426 2963 sed
1457 2897 1608 2976 Λάμνιον,

331 3002 497 3079 Λαμνίαιαι
519 3005 692 3080 scripsisse
716 3006 855 3068 videtur.

286 3101 556 3189 λαμπαθάμχης.
592 3108 758 3182 Apameae
791 3108 843 3169 tit.
879 3123 930 3184 ap.
966 3109 1104 3184 Pccoclr‚
1137 3109 1239 3170 lusor.
1275 3110 1342 3168 ant.
1370 3122 1401 3183 p.
1430 3105 1480 3180 12,
1505 3103 1535 3164 6.
1566 3134 1607 3146 -

331 3203 597 3289 λαμπάδαρχος.
633 3209 734 3269 Inscr.
767 3224 824 3269 cea
850 3207 918 3271 616
949 3210 980 3269 ΙΙ
1010 3227 1039 3285 p.
1072 3211 1146 3286 288,
1172 3211 1225 3271 31.
1260 3243 1300 3250 -
1328 3203 1606 3288 λαμπαδαρχεῐν.

331 3309 432 3368 Inscr.
457 3309 547 3384 paria
571 3309 765 3370 Kunstblatt
791 3311 876 3371 1836
900 3327 932 3372 n.
961 3312 1010 3387 12,
1032 3328 1062 3386 p.
1084 3313 1137 3372 47.
1170 3311 1231 3386 Qui
1258 3310 1346 3370 tituli
1369 3310 1449 3369 sunt
1475 3305 1609 3366 serioris

330 3410 463 3486 astutia,
488 3412 546 3471 sed
569 3405 842 3494 λαμπαδαρχίοιν
865 3416 1104 3474 commemorat
1133 3413 1329 3473 Aristoteles
1356 3409 1506 3484 Polite,
1532 3407 1551 3468 8
1576 3408 1608 3465 ei

332 3513 429 3574 Rhet.
462 3512 556 3573 Alex.
588 3529 614 3574 c.
646 3515 699 3575 66.
733 3513 803 3575 Cia
833 3515 865 3574 II
896 3516 971 3576 444.
1008 3515 1106 3591 122&
1137 3510 1407 3598 λαμπαδηφόροι
1430 3509 1506 3572 1616.
1532 3508 1607 3568 606.

333 3615 398 3674 965
410 3613 440 3673 b.
465 3613 542 3674 Hes.
566 3630 593 3675 S.
618 3631 649 3675 v.
674 3615 833 3692 λαμπάς·
848 3613 951 3676 -ιιαλ
975 3613 991 3676 6
1015 3615 1140 3695 νικήσας
1163 3612 1276 3694 λέγεται
1297 3611 1543 3692 λαμπαδηφόρος.
1564 3641 1605 3649 -

332 3709 523 3796 λαμπάδας
550 3713 693 3797 δραμεῖν
723 3715 792 3778 GIA
824 3718 854 3777 ΙΙ
886 3719 1073 3780 loo—471.
1102 3719 1177 3778 474.
1204 3751 1243 3761 —
1268 3711 1429 3798 λαμπάσι
1452 3706 1606 3794 omposi-

332 3811 461 3892 ζεσθοιι
485 3817 560 3892 481,
587 3819 638 3878 21.
666 3852 704 3862 -
728 3814 919 3900 λαμπάδας
942 3814 1112 3882 συντελεῖν
1133 3819 1208 3897 470,
1229 3821 1260 3880 9.
1276 3851 1315 3862 -
1329 3810 1487 3897 λαμπάδι
1507 3813 1607 3876 νικᾶν

333 3918 520 3978 445-448.
554 3920 628 3980 969.
664 3920 758 3980 1221.
795 3922 889 3982 1223.
917 3921 1012 3982 1229.
1044 3921 1089 3982 Cf.
1114 3911 1609 3998 λαμπαδιστὴςτ-λσμπαδο-

334 4015 444 4097 δρόμος
467 4033 494 4079 s.
520 4035 549 4080 v.
574 4035 623 4094 sq.

289 4115 592 4203 λαμπασολμομίοι.
623 4121 661 4182 In
692 4123 974 4199 lampadodromia
1004 4123 1289 4199 distinguebantur
1319 4120 1428 4202 δρόμος
1451 4117 1554 4197 μιαρός
1577 4119 1610 4176 et

333 4221 453 4300 μακρός.
479 4221 526 4284 Oi.
550 4223 662 4286 Patmi
685 4225 736 4285 tit.
761 4241 811 4301 ap.
837 4218 997 4286 Dittenb.²
1021 4227 1095 4302 631,
1123 4227 1174 4288 16.
1198 4225 1323 4286 Ibidem
1344 4224 1365 4286 l.
1389 4225 1442 4283 11:
1467 4233 1609 4279 καταστα-

333 4320 399 4396 θελς
423 4319 455 4384 ot
477 4321 528 4384 παλ
550 4325 798 4404 χρασονόμος
821 4335 894 4387 τῶν
916 4327 1199 4404 λαμπαδιστῶν
1224 4325 1259 4386 τά
1282 4348 1311 4386 τε
1333 4324 1467 4404 χρήματα
1490 4338 1609 4398 συμφυ-

332 4424 432 4484 λοίσσει
460 4423 510 4485 nol
537 4435 597 4486 τῶν
620 4424 717 4488 ἄλλων
739 4428 860 4488 πάντων
882 4428 1029 4508 πρόνοιαν
1052 4433 1179 4489 ποιεῖται
1201 4425 1257 4488 κτλ.
1282 4427 1411 4488 deinde:
1436 4422 1609 4504 ἐπήγγελται

334 4522 366 4586 δὲ
395 4525 446 4587 καλ
469 4561 510 4570 -
536 4525 568 4588 ἔτι
597 4537 657 4589 τῶν
684 4529 770 4590 ἰδίων
798 4530 848 4602 τάς
877 4552 907 4591 τε
936 4530 1047 4604 θυσίας
1071 4527 1246 4603 intestinae
1269 4527 1319 4590 καλ
1343 4527 1378 4588 τὰ
1401 4525 1609 4604 ἓορ](τ)ασι-

332 4634 428 4706 μαῖα
459 4633 689 4696 (ΓΑΣΙΜΑΙΑ
712 4633 808 4709 lapis]
832 4630 1042 4706 ὑποδέξεσθαι.
1067 4633 1316 4695 Dubitabuudus
1339 4629 1503 4707 supplevit
1525 4629 1611 4689 Ross

333 4730 503 4804 explicans
544 4737 739 4808 sumptus
778 4734 817 4794 in
854 4736 944 4795 dies
977 4735 1117 4796 festos
1151 4733 1426 4810 lampadistis
1461 4733 1610 4806 impen-

332 4831 498 4893 dandos

287 4927 443 5016 λαμπάς.
466 4933 538 4996 vid.
563 4943 732 5014 κομῆται
756 4937 789 4997 et
811 4934 1013 5012 λοφνίιλια.
