3588 5600
788 461 851 524 145

155 641 369 726 βαλλκιώτας
391 645 501 722 (vulgo
525 649 608 718 -ιοςλ
632 643 811 726 συνέφηβος.
838 649 958 726 Κρῆτες.
983 647 1023 708 Η.
1049 645 1080 708 iu
1102 649 1171 708 fai.

153 743 297 828 βάλλαλ·
321 748 445 826 βαθμοί.
471 749 611 826 Κύπριοι.
635 749 676 810 Η.
701 750 823 812 Hoffm.
848 751 904 811 ott.
930 750 1091 812 aeolicum
1115 749 1232 810 σιάλλα.

153 845 420 933 βαλλαχμάλαι,
454 851 641 926 pirorum
675 853 950 914 silvestrium
978 854 1248 930 decessorem
1282 857 1477 936 cmviiium,

196 969 260 1027 quo
284 954 399 1029 Argivi
423 953 621 1015 seinvicem
641 953 797 1029 petebant
816 955 849 1015 in
868 955 960 1016 feriis
979 955 1190 1030 quibusdam
1212 955 1477 1034 cuiusorIginem

197 1056 365 1132 explicare
388 1058 524 1116 conatur
547 1056 633 1117 Plut.
658 1056 715 1132 Qu.
741 1056 793 1116 Gr.
820 1058 872 1116 hl.

153 1153 298 1236 βάλλειν
329 1158 492 1234 absolute,
521 1159 671 1220 dentes
702 1161 883 1220 mutare:
914 1159 1004 1220 θύειν
1029 1153 1061 1218 dl
1084 1157 1138 1234 ιὸμ
1161 1154 1215 1236 μὲν
1242 1160 1320 1236 βοῦν
1343 1163 1478 1242 βεβλη-

197 1257 305 1336 ue«,
327 1257 383 1335 ep
404 1256 436 1319 a
459 1257 506 1320 ew
530 1261 776 1338 μεμιηκοιαν
800 1261 833 1321 in
854 1261 905 1321 er.
926 1247 1247 1336 ceioap.1)ittenb.²
1270 1266 1349 1342 ean,
1372 1267 1401 1342 ι,
1424 1269 1478 1342 qur

197 1362 252 1422 ert.
286 1362 388 1422 Arist.
414 1361 490 1423 hist.
516 1377 567 1422 en.
594 1363 624 1422 II
649 1364 679 1422 2.
705 1363 767 1423 501
794 1362 823 1422 b.
849 1364 878 1423 5.
906 1364 939 1423 Β.
965 1363 1011 1424 cf.
1036 1359 1158 1441 ἅβολος,
1184 1365 1388 1444 πρωτοβόλος,
1412 1369 1478 1429 δευ-

197 1463 354 1542 τεροβόλος
379 1465 412 1524 in
431 1465 556 1525 lexicis.
570 1499 610 1506 —
624 1465 849 1543 βάλλεσθαι
872 1462 908 1536 ἐς
932 1463 1062 1540 θυμόν
1086 1467 1137 1530 (ci.
1159 1467 1255 1528 Hom.
1280 1473 1307 1526 A
1327 1470 1390 1530 297
1405 1473 1478 1544 etc.)

197 1568 302 1628 ionice
334 1566 412 1626 Her.
444 1565 504 1626 Vll
535 1569 587 1627 51.
612 1566 688 1627 VIII
713 1567 755 1627 68
788 1569 821 1628 et
851 1561 899 1626 ἐπ’
934 1563 1083 1626 ἑαυτοῦ
1107 1567 1328 1642 βάλλεσθαι
1353 1573 1400 1631 ΙΙΙ
1425 1575 1477 1636 71.

200 1673 273 1731 155.
298 1670 340 1729 ΙΙ.
369 1669 441 1728 160.
467 1666 513 1728 Of.
538 1668 652 1729 Attlca
675 1665 891 1745 ἐνθυμεῖσθαι,
913 1667 1117 1746 διανοεῖσθαι,
1141 1669 1378 1748 διαλογίζεσθαι,
1401 1674 1476 1735 sim.

153 1765 341 1856 βαλλητύς·
376 1767 461 1846 ἒομιὴ
497 1768 659 1846 Ἀθήνησιν
690 1767 738 1829 erl
769 1773 953 1848 Δημοφῶντι
983 1779 1022 1852 τῷ
1055 1772 1168 1832 Κελεοῦ
1199 1768 1339 1852 ἀγομένη.
1363 1775 1403 1834 Η.
1429 1775 1476 1836 cl.

196 1874 300 1954 λιθίνη
325 1871 486 1951 βαλλητύς,
508 1872 695 1948 lapidum
719 1873 875 1948 iactus,
901 1872 979 1932 Ath.
1004 1872 1051 1932 IX
1070 1887 1100 1948 p.
1121 1874 1240 1950 4081),
1266 1874 1377 1936 4070.
1403 1877 1476 1938 Ter·

196 1977 337 2038 minatio
380 1973 513 2035 Ionibue
554 1975 588 2034 et
630 1973 841 2035 cretensibus
882 1974 1078 2049 praesertim
1116 1972 1293 2036 familiaris
1335 1981 1479 2041 ostendii

195 2093 354 2154 magnam
378 2075 522 2138 nominis
545 2077 758 2137 vetustatem.

152 2176 296 2262 βαλλλα.
329 2177 500 2240 Herondas
522 2176 567 2238 VI
591 2179 647 2253 69,
679 2177 734 2238 ubi
760 2177 832 2238 vide
856 2177 999 2238 incertas
1023 2177 1167 2238 Meleteri
1191 2180 1224 2238 et
1247 2177 1353 2240 crusii
1377 2181 1475 2256 expli·

196 2283 354 2344 cetlonee.
386 2281 513 2342 Nomen
545 2280 711 2356 proprium
745 2281 798 2340 eet
829 2277 970 2337 Belitae.
1000 2313 1039 2322 -
1068 2279 1247 2340 Buecheler
1270 2281 1291 2341 l.
1317 2281 1337 2341 l.
1365 2283 1476 2361 ηβαλλ-

195 2401 253 2460 pro
289 2386 383 2457 φαλλ-
418 2383 524 2458 potuit
565 2397 607 2441 ex
637 2381 776 2441 dialecto
813 2380 1022 2441 Macedonica
1056 2381 1262 2458 provenisse,
1294 2385 1400 2458 potuIt
1434 2399 1476 2444 ex

195 2487 323 2546 lubrica
337 2477 591 2558 'comparatione
614 2483 789 2544 verborum
814 2481 942 2562 βάλλειν,
966 2479 1123 2560 pelliceo,
1145 2481 1310 2542 Belliev'I

152 2583 346 2668 βαλλίζειν.
371 2586 549 2660 Sophronis
573 2585 611 2644 ir.
633 2585 684 2644 29.
710 2585 763 2645 80.
785 2585 827 2644 44
846 2584 926 2645 Ahr.
950 2582 996 2644 Oi.
1010 2583 1130 2644 Athen.
1143 2584 1221 2644 VIII
1235 2586 1298 2646 362
1322 2587 1349 2643 Ε
1367 2585 1476 2660 thque

195 2689 385 2765 Epicharmi
413 2687 451 2748 ir.
484 2687 536 2748 58.
568 2686 761 2748 Euetathiue
792 2687 1027 2761 interpretetur
1056 2685 1181 2762 ιιιμάζω
1212 2683 1263 2746 nal
1285 2686 1405 2764 χορεύοι.
1429 2686 1476 2748 De

195 2791 358 2853 ohecoeno
388 2787 480 2850 verbi
502 2803 564 2849 usu
588 2787 651 2848 vid.
677 2787 809 2848 Meleter
834 2787 874 2847 ad
898 2787 1086 2847 Herondam
1111 2803 1183 2863 pag.
1209 2789 1272 2850 787
1297 2803 1345 2862 eq.
1372 2788 1475 2849 Verbo

193 2893 299 2956 eiculo
323 2893 462 2954 utuntur
484 2891 599 2966 poetae
624 2890 742 2950 comici
765 2889 867 2950 Attici
891 2889 1099 2950 recentiores.

152 2991 262 3076 βᾰμα·
287 2981 408 3072 βαθμὸς
433 2993 582 3054 Schmidt
604 3007 662 3068 pro
684 2989 796 3068 οαμα·
820 2989 929 3070 βάθος.
955 2991 994 3051 Η.
1020 2990 1066 3052 01.
1093 2993 1162 3049 ΕΜ
1186 2993 1262 3067 196,
1289 2994 1342 3053 36.

151 3091 349 3178 βάμβαλον·
378 3093 504 3172 ἱμάτιον.
534 3090 584 3153 καλ
618 3091 650 3152 τὸ
685 3091 802 3152 αἰδοῖον
839 3087 1040 3171 ΦρύγεςᾙΗ.
1077 3091 1124 3152 cl.
1159 3092 1309 3153 einedem
1345 3091 1474 3166 glossas

193 3197 345 3276 βάβαλον,
375 3195 528 3274 βαμβαλα,
557 3193 754 3274 βαμβάλλιιν,
784 3193 981 3272 praepetere,
1011 3192 1136 3272 βάλοιο.
1169 3193 1260 3268 Apud
1284 3193 1472 3254 Herondam

192 3299 254 3359 VII
279 3299 324 3360 80
343 3313 409 3358 non
432 3289 596 3374 σάμβαλ’
622 3295 680 3356 sed
701 3288 868 3374 peppal’
890 3295 955 3370 legi
975 3297 1070 3370 putat
1091 3295 1280 3369 Buecheler,
1301 3295 1474 3369 galliculae

192 3401 263 3461 scil.
288 3399 329 3462 oh
353 3399 529 3458 laxItatcm
552 3397 776 3472 tremuloeque
801 3397 888 3457 eima
911 3395 1010 3472 pedes
1034 3397 1146 3455 motus
1169 3395 1216 3455 ite
1240 3395 1356 3455 dictae.

151 3496 358 3584 βαμβάλοος
387 3497 457 3570 τοὺς
481 3496 658 3576 φαρμαιιοὺς
687 3497 804 3568 Κίλικες
827 3500 980 3556 καλοῦσιν.
1009 3497 1063 3554 BA
1087 3495 1144 3570 85,
1171 3496 1222 3556 24.
1248 3494 1319 3556 vid.
1344 3495 1473 3570 probro·

191 3620 267 3665 aum
291 3615 475 3677 cognomen
499 3599 679 3678 Βαμβαλλων
702 3600 735 3660 in
758 3599 926 3660 Thesauro
950 3614 976 3659 e.
1002 3597 1085 3658 v.11
1108 3613 1139 3672 p.
1167 3598 1239 3657 100.

150 3701 392 3788 βαμβραδόνες
404 3725 446 3751 =
460 3701 623 3781 βεμβράδες
647 3717 673 3763 s.
698 3701 863 3781 μεμβράδες
883 3701 918 3761 in
938 3699 1124 3775 Epicharmi
1141 3697 1180 3758 fr.
1194 3699 1237 3759 36
1250 3701 1284 3759 et
1297 3699 1474 3774 SophronIS

191 3809 229 3868 Ir.
258 3809 299 3869 18
325 3806 456 3877 (Athen.
481 3821 510 3880 p.
536 3805 599 3866 287
626 3805 650 3862 Β
673 3807 707 3865 et
730 3805 794 3866 805
809 3803 852 3876 O).

151 3903 259 3990 βᾶμεν
283 3907 560 3984 ᾶοῐίοθτβῆναι.
583 3905 676 3966 Pind.
702 3906 791 3965 PIV
816 3907 867 3965 39.
898 3903 944 3965 Cf.
970 3911 1123 3978 στᾶμεν.

152 4003 439 4090 βᾶμες-τβῶμεν.
463 4007 597 4068 Theocr.
622 4006 682 4067 XV
707 4009 759 4068 22.

152 4105 275 4194 βάμμα
298 4109 379 4174 (cod.
404 4108 527 4188 βαμβαλ·
552 4141 594 4151 --
617 4107 722 4169 καὶτὸ
747 4106 896 4186 ἔμβαμμα.
921 4104 1135 4184 Συρακούσιοι.
1159 4107 1199 4166 Η.

153 4206 250 4290 βαιά·
281 4209 361 4292 γυνὴ
392 4208 452 4271 ὑπὸ
483 4213 630 4271 Βοιωιῶν.
661 4210 702 4271 Η.
735 4209 896 4271 Corinnae
926 4209 965 4268 ir.
998 4209 1038 4268 21
1068 4221 1118 4281 ep.
1143 4207 1293 4282 apollon.
1319 4207 1358 4267 de
1382 4221 1472 4282 pron.

193 4331 221 4390 p.
246 4316 312 4376 325
326 4317 356 4372 A
378 4309 533 4390 μέμφομαι
557 4307 589 4372 δὲ
611 4309 662 4371 καὶ
684 4308 827 4392 λιμοομᾶν
852 4304 982 4388 Μυριίδ’
1008 4307 1118 4387 tulupa,
1142 4306 1186 4367 ὅτι
1205 4305 1284 4386 βανᾶ
1303 4303 1395 4383 φοῢσ’
1419 4305 1472 4384 ἔβα

193 4415 360 4494 Πινδάροιο
379 4408 441 4474 ποτ’
465 4411 536 4492 ἔριν.
557 4412 604 4474 (li.
618 4413 791 4474 Herodian.
813 4431 843 4470 ιι.
863 4433 929 4488 μον.
949 4407 1004 4483 nr.
1025 4427 1054 4486 p.
1072 4412 1125 4486 18,
1149 4412 1204 4486 25,
1227 4411 1284 4471 eed
1297 4403 1473 4492 γουΙνηΙκῑ

192 4516 245 4577 el)
270 4517 350 4592 385,
377 4517 408 4576 3.
433 4515 464 4575 4.
487 4547 527 4558 -
548 4515 734 4592 βανῆιιας·
758 4515 903 4592 γυναῖκας
927 4511 1054 4572 Βοιωτοί
1076 4514 1109 4571 et
1131 4527 1212 4572 mox
1236 4509 1472 4584 Barrrerrffl·

191 4621 338 4694 γυναῖκες.
374 4614 504 4676 Βοιωτοί.
529 4615 570 4676 Η.
595 4615 666 4676 vid.
696 4615 798 4676 etiam
823 4611 1020 4692 βαλάραίῗλ
1045 4611 1101 4692 γὰρ
1124 4611 1202 4692 γυνὴ
1226 4610 1308 4691 παρὰ
1333 4613 1472 4682 Βοιωτοῖς

192 4733 217 4776 ε.
242 4733 272 4777 v.
297 4713 468 4795 βάλαρες
491 4715 577 4792 apud
601 4717 751 4777 eundem.
777 4715 865 4791 Quae
884 4715 1029 4790 permira
1047 4715 1154 4776 forma
1174 4717 1208 4775 et
1229 4715 1283 4774 vix
1298 4713 1471 4774 credibilis.

194 4817 326 4879 Accedit
368 4818 452 4892 quod
491 4831 557 4878 non
596 4817 766 4892 intellego,
807 4831 890 4890 quae
929 4816 1113 4876 intercedet
1146 4817 1354 4876 necessitudo
1388 4817 1474 4876 inter

191 4919 396 4981 mulieres
426 4921 460 4978 et
489 4917 660 4978 blaeeoe
691 4917 725 4978 in
753 4917 796 4993 gl.
820 4917 917 4978 Elea:
950 4913 1122 4996 βάλαρες
1152 4915 1184 4976 οἱ
1204 4916 1335 4995 placeat,
1358 4913 1472 4994 βαλάρα

192 5017 261 5099 yep
283 5015 364 5100 μονὴ
387 5014 468 5098 παρὰ
492 5017 642 5090 Βοιωτοῖς.

1366 5119 1394 5164 10
